@article{WESTBROOK2009181,
    title = {{A comprehensive detailed chemical kinetic reaction mechanism for combustion of n-alkane hydrocarbons from n-octane to n-hexadecane}},
    year = {2009},
    journal = {Combustion and Flame},
    author = {Westbrook, Charles K and Pitz, William J and Herbinet, Olivier and Curran, Henry J and Silke, Emma J},
    number = {1},
    pages = {181--199},
    volume = {156},
    url = {http://www.sciencedirect.com/science/article/pii/S0010218008002125},
    doi = {https://doi.org/10.1016/j.combustflame.2008.07.014},
    issn = {0010-2180},
    keywords = {Hydrocarbons, Ignition, Kinetic modeling}
}

@article{Askari2016,
    title = {{Auto-Ignition Characteristics Study of Gas-to-Liquid Fuel at High Pressures and Low Temperatures}},
    year = {2016},
    journal = {Journal of Energy Resources Technology},
    author = {Askari, Omid and Elia, Mimmo and Ferrari, Matthew and Metghalchi, Hameed},
    number = {1},
    pages = {012204},
    volume = {139},
    doi = {10.1115/1.4033983},
    issn = {0195-0738},
    keywords = {chemical kinetics mechanism, delay time, gtl, ignition, onset of auto-ignition, pressure rise, spherical chamber, syntroleum s-8}
}

@article{Wang2012,
    title = {{Autoignition studies of conventional and Fischer-Tropsch jet fuels}},
    year = {2012},
    journal = {Fuel},
    author = {Wang, Haowei and Oehlschlaeger, Matthew A.},
    pages = {249--258},
    volume = {98},
    publisher = {Elsevier Ltd},
    url = {http://dx.doi.org/10.1016/j.fuel.2012.03.041},
    doi = {10.1016/j.fuel.2012.03.041},
    issn = {00162361},
    keywords = {Autoignition, Jet fuels, Shock tube}
}

@article{CHANG20131315,
    title = {{Development of a new skeletal mechanism for n-decane oxidation under engine-relevant conditions based on a decoupling methodology}},
    year = {2013},
    journal = {Combustion and Flame},
    author = {Chang, Yachao and Jia, Ming and Liu, Yaodong and Li, Yaopeng and Xie, Maozhao},
    number = {8},
    pages = {1315--1332},
    volume = {160},
    url = {http://www.sciencedirect.com/science/article/pii/S0010218013000679},
    doi = {https://doi.org/10.1016/j.combustflame.2013.02.017},
    issn = {0010-2180},
    keywords = {Decoupling methodology, Internal combustion engine, Skeletal mechanism, n-Decane oxidation}
}

@article{Dagaut2014,
    title = {{Experimental and detailed kinetic model for the oxidation of a Gas to Liquid (GtL) jet fuel}},
    year = {2014},
    journal = {Combustion and Flame},
    author = {Dagaut, Philippe and Karsenty, Florent and Dayma, Guillaume and Di{\'{e}}vart, Pascal and Hadj-Ali, Kamal and Mz{\'{e}}-Ahmed, Amir and Braun-Unkhoff, Marina and Herzler, Jürgen and Kathrotia, Trupti and Kick, Thomas and Naumann, Clemens and Riedel, Uwe and Thomas, Levi},
    number = {3},
    pages = {835--847},
    volume = {161},
    publisher = {The Combustion Institute.},
    url = {http://dx.doi.org/10.1016/j.combustflame.2013.08.015},
    doi = {10.1016/j.combustflame.2013.08.015},
    issn = {00102180},
    keywords = {Flame speed, Ignition delay, Jet fuel, Jet-stirred reactor, Kinetic modeling, Shock tube}
}

@article{ZENG20141701,
    title = {{Experimental and kinetic modeling study of pyrolysis and oxidation of n-decane}},
    year = {2014},
    journal = {Combustion and Flame},
    author = {Zeng, Meirong and Yuan, Wenhao and Wang, Yizun and Zhou, Weixing and Zhang, Lidong and Qi, Fei and Li, Yuyang},
    number = {7},
    pages = {1701--1715},
    volume = {161},
    url = {http://www.sciencedirect.com/science/article/pii/S0010218014000078},
    doi = {https://doi.org/10.1016/j.combustflame.2014.01.002},
    issn = {0010-2180},
    keywords = {-Decane, Kinetic model, Oxidation, Pyrolysis, SVUV-PIMS}
}

@article{ANDRAE2008696,
    title = {{HCCI experiments with toluene reference fuels modeled by a semidetailed chemical kinetic model}},
    year = {2008},
    journal = {Combustion and Flame},
    author = {Andrae, J C G and Brinck, T and Kalghatgi, G T},
    number = {4},
    pages = {696--712},
    volume = {155},
    url = {http://www.sciencedirect.com/science/article/pii/S0010218008001752},
    doi = {https://doi.org/10.1016/j.combustflame.2008.05.010},
    issn = {0010-2180},
    keywords = {Autoignition, HCCI, Laminar burning velocity, Primary reference fuels, Toluene reference fuels}
}

@article{BIKAS20011456,
    title = {{Kinetic modelling of n-decane combustion and autoignition: Modeling combustion of n-decanem}},
    year = {2001},
    journal = {Combustion and Flame},
    author = {Bikas, G and Peters, N},
    number = {1},
    pages = {1456--1475},
    volume = {126},
    url = {http://www.sciencedirect.com/science/article/pii/S0010218001002541},
    doi = {https://doi.org/10.1016/S0010-2180(01)00254-1},
    issn = {0010-2180}
}

@article{KUMAR2007209,
    title = {{Laminar flame speeds and extinction limits of preheated n-decane/O2/N2 and n-dodecane/O2/N2 mixtures}},
    year = {2007},
    journal = {Combustion and Flame},
    author = {Kumar, Kamal and Sung, Chih-Jen},
    number = {1},
    pages = {209--224},
    volume = {151},
    url = {http://www.sciencedirect.com/science/article/pii/S0010218007001198},
    doi = {https://doi.org/10.1016/j.combustflame.2007.05.002},
    issn = {0010-2180},
    keywords = {-Decane, -Dodecane, Extinction stretch rate, Flame speed, Premixed combustion}
}

@article{doi:10.2514/1.24391,
    title = {{Laminar Flame Speeds of Preheated iso-Octane/O2/N2 and n-Heptane/O2/N2 Mixtures}},
    year = {2007},
    journal = {Journal of Propulsion and Power},
    author = {Kumar, K and Freeh, J E and Sung, C J and Huang, Y},
    number = {2},
    pages = {428--436},
    volume = {23},
    url = {https://doi.org/10.2514/1.24391},
    doi = {10.2514/1.24391}
}

@article{doi:10.1002/1097-4601,
    title = {{No Title}}
}

@article{BRADLEY1998126,
    title = {{The Measurement of Laminar Burning Velocities and Markstein Numbers for Iso-octane–Air and Iso-octane–n-Heptane–Air Mixtures at Elevated Temperatures and Pressures in an Explosion Bomb}},
    year = {1998},
    journal = {Combustion and Flame},
    author = {Bradley, D and Hicks, R A and Lawes, M and Sheppard, C G W and Woolley, R},
    number = {1},
    pages = {126--144},
    volume = {115},
    url = {http://www.sciencedirect.com/science/article/pii/S0010218097003490},
    doi = {https://doi.org/10.1016/S0010-2180(97)00349-0},
    issn = {0010-2180}
}

@article{Yu2016,
    title = {{Theoretical Prediction of Laminar Burning Speed and Ignition Delay Time of Gas-to-Liquid Fuel}},
    year = {2016},
    journal = {Journal of Energy Resources Technology},
    author = {Yu, Guangying and Askari, Omid and Hadi, Fatemeh and Wang, Ziyu and Metghalchi, Hameed and Kannaiyan, Kumaran and Sadr, Reza},
    number = {2},
    pages = {022202},
    volume = {139},
    url = {http://energyresources.asmedigitalcollection.asme.org/article.aspx?doi=10.1115/1.4033984},
    doi = {10.1115/1.4033984},
    issn = {0195-0738},
    keywords = {chemical, detailed kinetics model, experimental data, gas-to-liquid, ignition delay time, laminar burning speed, mechanism, theoretical prediction}
}

@article{Narayanaswamy2015ASurrogates,
    title = {{A chemical mechanism for low to high temperature oxidation of methylcyclohexane as a component of transportation fuel surrogates}},
    year = {2015},
    journal = {Combustion and Flame},
    author = {Narayanaswamy, Krithika and Pitsch, Heinz and Pepiot, Perrine},
    number = {4},
    month = {4},
    pages = {1193--1213},
    volume = {162},
    url = {https://linkinghub.elsevier.com/retrieve/pii/S0010218014003344},
    doi = {10.1016/j.combustflame.2014.10.013},
    issn = {00102180}
}

@article{Narayanaswamy2016ASurrogates,
    title = {{A component library framework for deriving kinetic mechanisms for multi-component fuel surrogates: Application for jet fuel surrogates}},
    year = {2016},
    journal = {Combustion and Flame},
    author = {Narayanaswamy, Krithika and Pitsch, Heinz and Pepiot, Perrine},
    doi = {10.1016/j.combustflame.2015.12.013},
    issn = {15562921},
    keywords = {Chemical kinetic mechanism, Component library framework, Jet fuel surrogate, Methylcyclohexane, N-Dodecane, Substituted aromatics}
}

@article{Westbrook2009AN-hexadecane,
    title = {{A comprehensive detailed chemical kinetic reaction mechanism for combustion of n-alkane hydrocarbons from n-octane to n-hexadecane}},
    year = {2009},
    journal = {Combustion and Flame},
    author = {Westbrook, Charles K. and Pitz, William J. and Herbinet, Olivier and Curran, Henry J. and Silke, Emma J.},
    number = {1},
    month = {1},
    pages = {181--199},
    volume = {156},
    url = {https://linkinghub.elsevier.com/retrieve/pii/S0010218008002125},
    doi = {10.1016/j.combustflame.2008.07.014},
    issn = {00102180},
    keywords = {Hydrocarbons, Ignition, Kinetic modeling}
}

@article{Atef2017AKinetics,
    title = {{A comprehensive iso-octane combustion model with improved thermochemistry and chemical kinetics}},
    year = {2017},
    journal = {Combustion and Flame},
    author = {Atef, Nour and Kukkadapu, Goutham and Mohamed, Samah Y. and Rashidi, Mariam Al and Banyon, Colin and Mehl, Marco and Heufer, Karl Alexander and Nasir, Ehson F. and Alfazazi, A. and Das, Apurba K. and Westbrook, Charles K. and Pitz, William J. and Lu, Tianfeng and Farooq, Aamir and Sung, Chih Jen and Curran, Henry J. and Sarathy, S. Mani},
    pages = {111--134},
    volume = {178},
    publisher = {Elsevier Inc.},
    url = {http://dx.doi.org/10.1016/j.combustflame.2016.12.029},
    doi = {10.1016/j.combustflame.2016.12.029},
    issn = {15562921},
    keywords = {Alternative isomerisation, Combustion kinetics, Gauche, Iso-Octane, Thermodynamics}
}

@article{Curran2002AOxidation,
    title = {{A comprehensive modeling study of iso-octane oxidation}},
    year = {2002},
    journal = {Combustion and Flame},
    author = {Curran, H},
    number = {3},
    month = {5},
    pages = {253--280},
    volume = {129},
    url = {https://linkinghub.elsevier.com/retrieve/pii/S001021800100373X},
    doi = {10.1016/S0010-2180(01)00373-X},
    issn = {00102180}
}

@article{Curran2002AOxidationb,
    title = {{A comprehensive modeling study of iso-octane oxidation}},
    year = {2002},
    journal = {Combustion and Flame},
    author = {Curran, H. J. and Gaffuri, P. and Pitz, W. J. and Westbrook, C. K.},
    number = {3},
    pages = {253--280},
    volume = {129},
    publisher = {Elsevier Inc.},
    doi = {10.1016/S0010-2180(01)00373-X},
    issn = {00102180}
}

@article{Curran2002AOxidationc,
    title = {{A comprehensive modeling study of iso-octane oxidation}},
    year = {2002},
    journal = {Combustion and Flame},
    author = {Curran, H},
    number = {3},
    month = {5},
    pages = {253--280},
    volume = {129},
    url = {https://linkinghub.elsevier.com/retrieve/pii/S001021800100373X},
    doi = {10.1016/S0010-2180(01)00373-X},
    issn = {00102180}
}

@article{Curran1998AOxidation,
    title = {{A Comprehensive Modeling Study of n-Heptane Oxidation}},
    year = {1998},
    journal = {Combustion and Flame},
    author = {Curran, H J and Gaffuri, P and Pitz, W J and Westbrook, C K},
    number = {1},
    pages = {149 - 177},
    volume = {114},
    url = {http://www.sciencedirect.com/science/article/pii/S0010218097002824},
    doi = {https://doi.org/10.1016/S0010-2180(97)00282-4},
    issn = {0010-2180}
}

@article{Wang2012AEngine,
    title = {{A computational investigation of diesel and biodiesel combustion and NOx formation in a light-duty compression ignition engine}},
    year = {2012},
    journal = {Spring Technical Meeting of the Central States Section of the Combustion Institute},
    author = {Wang, Zihan and Srinivasan, Kalyan K and Krishnan, Sundar R and Som, S},
    keywords = {diesel, biodiesel, combustion, NOx, emissions, eng}
}

@article{Dames2016AOxidation,
    title = {{A detailed combined experimental and theoretical study on dimethyl ether/propane blended oxidation}},
    year = {2016},
    journal = {Combustion and Flame},
    author = {Dames, Enoch E. and Rosen, Andrew S. and Weber, Bryan W. and Gao, Connie W. and Sung, Chih-Jen and Green, William H.},
    month = {6},
    pages = {310--330},
    volume = {168},
    publisher = {Elsevier},
    url = {https://www.sciencedirect.com/science/article/pii/S0010218016000778},
    doi = {10.1016/J.COMBUSTFLAME.2016.02.021},
    issn = {0010-2180}
}

@article{Jahangirian2012APressures,
    title = {{A detailed experimental and kinetic modeling study of n-decane oxidation at elevated pressures}},
    year = {2012},
    journal = {Combustion and Flame},
    author = {Jahangirian, Saeed and Dooley, Stephen and Haas, Francis M. and Dryer, Frederick L.},
    number = {1},
    month = {1},
    pages = {30--43},
    volume = {159},
    url = {https://linkinghub.elsevier.com/retrieve/pii/S0010218011002045},
    doi = {10.1016/j.combustflame.2011.07.002},
    issn = {00102180},
    keywords = {Combustion, Flow reactor, Oxidation, Surrogate fuels, n-Alkane, n-Decane}
}

@article{Jahangirian2012APressuresb,
    title = {{A detailed experimental and kinetic modeling study of n-decane oxidation at elevated pressures}},
    year = {2012},
    journal = {Combustion and Flame},
    author = {Jahangirian, Saeed and Dooley, Stephen and Haas, Francis M. and Dryer, Frederick L.},
    number = {1},
    month = {1},
    pages = {30--43},
    volume = {159},
    publisher = {Elsevier},
    url = {https://www.sciencedirect.com/science/article/pii/S0010218011002045},
    doi = {10.1016/J.COMBUSTFLAME.2011.07.002},
    issn = {0010-2180}
}

@article{Crochet2010AConditions,
    title = {{A detailed experimental study of n-propylcyclohexane autoignition in lean conditions}},
    year = {2010},
    journal = {Combustion and Flame},
    author = {Crochet, M. and Minetti, R. and Ribaucour, M. and Vanhove, G.},
    number = {11},
    pages = {2078--2085},
    volume = {157},
    publisher = {The Combustion Institute.},
    url = {http://dx.doi.org/10.1016/j.combustflame.2010.04.012},
    doi = {10.1016/j.combustflame.2010.04.012},
    issn = {00102180},
    keywords = {Autoignition, Diesel surrogate, N-Propylcyclohexane, Rapid compression machine}
}

@article{Lu2005AReduction,
    title = {{A directed relation graph method for mechanism reduction}},
    year = {2005},
    journal = {Proceedings of the Combustion Institute},
    author = {Lu, Tianfeng and Law, Chung K.},
    number = {1},
    month = {1},
    pages = {1333--1341},
    volume = {30},
    publisher = {Elsevier Ltd},
    doi = {10.1016/j.proci.2004.08.145},
    issn = {15407489},
    keywords = {Directed relation graph, Reduced mechanism}
}

@article{Babkovskaia2011ACombustion,
    title = {{A high-order public domain code for direct numerical simulations of turbulent combustion}},
    year = {2011},
    journal = {Journal of Computational Physics},
    author = {Babkovskaia, N. and Haugen, N. E.L. and Brandenburg, A.},
    number = {1},
    pages = {1--12},
    volume = {230},
    publisher = {Elsevier Inc.},
    url = {http://dx.doi.org/10.1016/j.jcp.2010.08.028},
    doi = {10.1016/j.jcp.2010.08.028},
    issn = {00219991},
    keywords = {Public domain DNS code, Turbulent combustion}
}

@unpublished{Wang2010A2.0,
    title = {{A high-temperature chemical kinetic model of n-alkane (up to n-dodecane), cyclohexane, and methyl-, ethyl-, n-propyl and n-butyl-cyclohexane oxidation at high temperatures, JetSurF version 2.0}},
    year = {2010},
    author = {Wang, H. and Dames, E. and Sirjean, B. and Sheen, D.A. and Tango, R. and Violi, A. and Lai, J. Y. W. and Egolfopoulos, F. N. and Davidson, D. F. and Hanson, R. K. and Bowman, C. T. and Law, C. K. and Tsang, W. and Cernansky, N. P. and Miller, D. L. and Lindstedt, R. P.},
    url = {http://web.stanford.edu/group/haiwanglab/JetSurF/JetSurF2.0/index.html}
}

@article{Dooley2010AProperties,
    title = {{A jet fuel surrogate formulated by real fuel properties}},
    year = {2010},
    journal = {Combustion and Flame},
    author = {Dooley, Stephen and Won, Sang Hee and Chaos, Marcos and Heyne, Joshua and Ju, Yiguang and Dryer, Frederick L. and Kumar, Kamal and Sung, Chih-Jen and Wang, Haowei and Oehlschlaeger, Matthew A. and Santoro, Robert J. and Litzinger, Thomas A.},
    number = {12},
    month = {12},
    pages = {2333--2339},
    volume = {157},
    url = {https://linkinghub.elsevier.com/retrieve/pii/S0010218010001896},
    doi = {10.1016/j.combustflame.2010.07.001},
    issn = {00102180}
}

@article{Xu2018AFuels,
    title = {{A physics-based approach to modeling real-fuel combustion chemistry – II. Reaction kinetic models of jet and rocket fuels}},
    year = {2018},
    journal = {Combustion and Flame},
    author = {Xu, Rui and Wang, Kun and Banerjee, Sayak and Shao, Jiankun and Parise, Tom and Zhu, Yangye and Wang, Shengkai and Movaghar, Ashkan and Lee, Dong Joon and Zhao, Runhua and Han, Xu and Gao, Yang and Lu, Tianfeng and Brezinsky, Kenneth and Egolfopoulos, Fokion N. and Davidson, David F. and Hanson, Ronald K. and Bowman, Craig T. and Wang, Hai},
    volume = {193},
    doi = {10.1016/j.combustflame.2018.03.021},
    issn = {15562921}
}

@article{Bouhlel2019ADerivatives,
    title = {{A Python surrogate modeling framework with derivatives}},
    year = {2019},
    journal = {Advances in Engineering Software},
    author = {Bouhlel, Mohamed Amine and Hwang, John T and Bartoli, Nathalie and Lafage, Rémi and Morlier, Joseph and Martins, Joaquim R R A},
    pages = {102662},
    volume = {135},
    url = {http://www.sciencedirect.com/science/article/pii/S0965997818309360},
    doi = {https://doi.org/10.1016/j.advengsoft.2019.03.005},
    issn = {0965-9978},
    keywords = {Derivatives, Gradient-enhanced surrogate modeling, Surrogate modeling}
}

@article{Hernandez2014AModelling,
    title = {{A reduced chemical kinetic mechanism of a diesel fuel surrogate (n-heptane/toluene) for HCCI combustion modelling}},
    year = {2014},
    journal = {Fuel},
    author = {Hern{\'{a}}ndez, Juan J. and Sanz-Argent, Josep and Monedero-Villalba, Esperanza},
    isbn = {0016-2361},
    doi = {10.1016/j.fuel.2014.05.029},
    issn = {00162361},
    keywords = {Diesel surrogates, Reduced kinetic mechanisms, Reduction techniques}
}

@article{Hong2010AOH,
    title = {{A Shock Tube Study of OH + H2O2 → H2O + HO2 and H2O2 + M → 2OH + M using Laser Absorption of H2O and OH}},
    year = {2010},
    journal = {The Journal of Physical Chemistry A},
    author = {Hong, Zekai and Cook, Robert D and Davidson, David F and Hanson, Ronald K},
    number = {18},
    month = {5},
    pages = {5718--5727},
    volume = {114},
    publisher = {American Chemical Society},
    url = {https://doi.org/10.1021/jp100204z},
    doi = {10.1021/jp100204z},
    issn = {1089-5639}
}

@article{Shen2009APressures,
    title = {{A Shock Tube Study of the Ignition of n-Heptane, n-Decane, n-Dodecane, and n-Tetradecane at Elevated Pressures}},
    year = {2009},
    journal = {Energy {\&} Fuels},
    author = {Shen, Hsi-Ping S. and Steinberg, Justin and Vanderover, Jeremy and Oehlschlaeger, Matthew A.},
    number = {5},
    month = {5},
    pages = {2482--2489},
    volume = {23},
    url = {https://pubs.acs.org/doi/10.1021/ef8011036},
    doi = {10.1021/ef8011036},
    issn = {0887-0624}
}

@article{Honnet2009AKerosene,
    title = {{A surrogate fuel for kerosene}},
    year = {2009},
    journal = {Proceedings of the Combustion Institute},
    author = {Honnet, S. and Seshadri, K. and Niemann, U. and Peters, N.},
    number = {1},
    month = {1},
    pages = {485--492},
    volume = {32},
    publisher = {Elsevier},
    url = {https://www.sciencedirect.com/science/article/pii/S1540748908002381},
    doi = {10.1016/J.PROCI.2008.06.218},
    issn = {1540-7489}
}

@article{Granata2003ANaphthenes,
    title = {{A wide range kinetic modeling study of the pyrolysis and combustion of naphthenes}},
    year = {2003},
    journal = {Combustion and Flame},
    author = {Granata, Silvia and Faravelli, Tiziano and Ranzi, Eliseo},
    number = {3},
    pages = {533--544},
    volume = {132},
    doi = {10.1016/S0010-2180(02)00465-0},
    issn = {00102180},
    keywords = {Kinetic modeling, Naphtenes, Oxidation, Pyrolysis}
}

@article{Ranzi1997AOxidation,
    title = {{A wide-range modeling study of iso-octane oxidation}},
    year = {1997},
    journal = {Combustion and Flame},
    author = {Ranzi, Eliseo and Faravelli, Tiziano and Gaffuri, Paolo and Sogaro, Angelo and D'Anna, Andrea and Ciajolo, Anna},
    doi = {10.1016/S0010-2180(95)00274-X},
    issn = {00102180}
}

@article{Wang2016AdditionalAlkanes,
    title = {{Additional chain-branching pathways in the low-temperature oxidation of branched alkanes}},
    year = {2016},
    journal = {Combustion and Flame},
    author = {Wang, Zhandong and Zhang, Lidong and Moshammer, Kai and Popolan-Vaida, Denisia M. and Shankar, Vijai Shankar Bhavani and Lucassen, Arnas and Hemken, Christian and Taatjes, Craig A. and Leone, Stephen R. and Kohse-H{\"{o}}inghaus, Katharina and Hansen, Nils and Dagaut, Philippe and Sarathy, S. Mani},
    month = {2},
    pages = {386--396},
    volume = {164},
    publisher = {Elsevier Inc.},
    doi = {10.1016/j.combustflame.2015.11.035},
    issn = {15562921},
    keywords = {Alternative isomerization, Auto-oxidation, Chain-branching, Highly oxidized multifunctional molecules, Peroxides, Synchrotron VUV photoionization mass spectrometry}
}

@article{Benson1958AdditivityProperties,
    title = {{Additivity Rules for the Estimation of Molecular Properties. Thermodynamic Properties}},
    year = {1958},
    journal = {The Journal of Chemical Physics},
    author = {Benson, Sidney W. and Buss, Jerry H.},
    number = {3},
    month = {9},
    pages = {546--572},
    volume = {29},
    url = {http://aip.scitation.org/doi/10.1063/1.1744539},
    doi = {10.1063/1.1744539},
    issn = {0021-9606}
}

@article{Massias1999AnData,
    title = {{An algorithm for the construction of global reduced mechanisms with CSP data}},
    year = {1999},
    journal = {Combustion and Flame},
    author = {Massias, A. and Diamantis, D. and Mastorakos, E. and Goussis, D. A.},
    number = {4},
    month = {6},
    pages = {685--708},
    volume = {117},
    publisher = {Elsevier Science Publ Co Inc},
    doi = {10.1016/S0010-2180(98)00132-1},
    issn = {00102180}
}

@article{Mehl2011AnModeling,
    title = {{An approach for formulating surrogates for gasoline with application toward a reduced surrogate mechanism for CFD engine modeling}},
    year = {2011},
    journal = {Energy and Fuels},
    author = {Mehl, M. and Chen, J. Y. and Pitz, W. J. and Sarathy, S. M. and Westbrook, C. K.},
    isbn = {0887-0624},
    doi = {10.1021/ef201099y},
    issn = {08870624}
}

@article{Mehl2011AnModelingb,
    title = {{An approach for formulating surrogates for gasoline with application toward a reduced surrogate mechanism for CFD engine modeling}},
    year = {2011},
    journal = {Energy and Fuels},
    author = {Mehl, M. and Chen, J. Y. and Pitz, W. J. and Sarathy, S. M. and Westbrook, C. K.},
    doi = {10.1021/ef201099y},
    issn = {08870624}
}

@article{Pepiot-Desjardins2008AnMechanisms,
    title = {{An efficient error-propagation-based reduction method for large chemical kinetic mechanisms}},
    year = {2008},
    journal = {Combustion and Flame},
    author = {Pepiot-Desjardins, P. and Pitsch, H.},
    number = {1-2},
    month = {7},
    pages = {67--81},
    volume = {154},
    publisher = {Elsevier},
    doi = {10.1016/j.combustflame.2007.10.020},
    issn = {00102180},
    keywords = {Autoignition, Chemical kinetics reduction, DRGEP, Iso-octane, Skeletal chemistry}
}

@article{Wang2012AnPressure,
    title = {{An experimental and kinetic modeling study of cyclohexane pyrolysis at low pressure}},
    year = {2012},
    journal = {Combustion and Flame},
    author = {Wang, Zhandong and Cheng, Zhanjun and Yuan, Wenhao and Cai, Jianghuai and Zhang, Lidong and Zhang, Feng and Qi, Fei and Wang, Jing},
    number = {7},
    month = {7},
    pages = {2243--2253},
    volume = {159},
    publisher = {Elsevier},
    url = {https://www.sciencedirect.com/science/article/pii/S0010218012000685?via%3Dihub#s0075},
    doi = {10.1016/J.COMBUSTFLAME.2012.02.019},
    issn = {0010-2180}
}

@article{Zhang2015AnOxidation,
    title = {{An experimental and kinetic modeling study of n-hexane oxidation}},
    year = {2015},
    journal = {Combustion and Flame},
    author = {Zhang, Kuiwen and Banyon, Colin and Togb{\'{e}}, Casimir and Dagaut, Philippe and Bugler, John and Curran, Henry J.},
    number = {11},
    month = {4},
    pages = {4194--4207},
    volume = {162},
    publisher = {Elsevier Inc.},
    doi = {10.1016/j.combustflame.2015.08.001},
    issn = {00102180},
    keywords = {Ignition delay time, Oxidation, Rapid compression machine, Shock tube, n-hexane}
}

@misc{ANSYSCHEMKIN-PRO,
    title = {{ANSYS CHEMKIN-PRO}},
    url = {https://www.ansys.com/products/fluids/ansys-chemkin-pro}
}

@article{Hartmann2011Auto-ignitionModeling,
    title = {{Auto-ignition of toluene-doped n-heptane and iso-octane/air mixtures: High-pressure shock-tube experiments and kinetics modeling}},
    year = {2011},
    journal = {Combustion and Flame},
    author = {Hartmann, M. and Gushterova, I. and Fikri, M. and Schulz, C. and Schie{\ss}l, R. and Maas, U.},
    number = {1},
    pages = {172--178},
    volume = {158},
    publisher = {The Combustion Institute.},
    url = {http://dx.doi.org/10.1016/j.combustflame.2010.08.005},
    isbn = {2033793087},
    doi = {10.1016/j.combustflame.2010.08.005},
    issn = {00102180},
    keywords = {Auto-ignition, Chemical kinetics modeling, High-pressure shock tube, TRF, Toluene}
}

@article{Zhukov2008AutoignitionPressure,
    title = {{Autoignition of n-decane at high pressure}},
    year = {2008},
    journal = {Combustion and Flame},
    author = {Zhukov, Victor P. and Sechenov, Vladislav A. and Starikovskii, Andrey Yu},
    number = {1-2},
    month = {4},
    pages = {130--136},
    volume = {153},
    url = {https://linkinghub.elsevier.com/retrieve/pii/S001021800700257X},
    doi = {10.1016/j.combustflame.2007.09.006},
    issn = {00102180},
    keywords = {Autoignition, Decane, Kinetic mechanism, Shock tube}
}

@article{Zhukov2008AutoignitionPressureb,
    title = {{Autoignition of n-decane at high pressure}},
    year = {2008},
    journal = {Combustion and Flame},
    author = {Zhukov, Victor P. and Sechenov, Vladislav A. and Starikovskii, Andrey Yu},
    doi = {10.1016/j.combustflame.2007.09.006},
    issn = {00102180},
    keywords = {Autoignition, Decane, Kinetic mechanism, Shock tube}
}

@article{Kumar2009AutoignitionConditions,
    title = {{Autoignition of n-decane under elevated pressure and low-to-intermediate temperature conditions}},
    year = {2009},
    journal = {Combustion and Flame},
    author = {Kumar, Kamal and Mittal, Gaurav and Sung, Chih Jen},
    number = {6},
    pages = {1278--1288},
    volume = {156},
    publisher = {Elsevier Inc.},
    url = {http://dx.doi.org/10.1016/j.combustflame.2009.01.009},
    doi = {10.1016/j.combustflame.2009.01.009},
    issn = {00102180},
    keywords = {Ignition delay, Rapid compression machine, Two-stage ignition, n-Decane}
}

@article{Dean2007AutoignitionPressures,
    title = {{Autoignition of surrogate fuels at elevated temperatures and pressures}},
    year = {2007},
    journal = {Proceedings of the Combustion Institute},
    author = {Dean, A. J. and Penyazkov, O. G. and Sevruk, K. L. and Varatharajan, B.},
    number = {2},
    pages = {2481--2488},
    volume = {31 II},
    doi = {10.1016/j.proci.2006.07.162},
    issn = {15407489},
    keywords = {Autoignition, Detonation, Aviation kerosene, Ignition time, Shock wave}
}

@article{Allen2012AutomaticCoefficients,
    title = {{Automatic estimation of pressure-dependent rate coefficients}},
    year = {2012},
    journal = {Phys. Chem. Chem. Phys.},
    author = {Allen, Joshua W and Goldsmith, C Franklin and Green, William H},
    number = {3},
    pages = {1131--1155},
    volume = {14},
    publisher = {The Royal Society of Chemistry},
    url = {http://dx.doi.org/10.1039/C1CP22765C},
    doi = {10.1039/C1CP22765C}
}

@article{MOREAC2006AUTOMATIC-DECANE,
    title = {{AUTOMATIC GENERATION OF A DETAILED MECHANISM FOR THE OXIDATION OF n -DECANE}},
    year = {2006},
    journal = {Combustion Science and Technology},
    author = {MOR{\'{E}}AC, GLADYS and BLUROCK, EDWARD S. and MAUSS, FABIAN},
    number = {10-11},
    month = {12},
    pages = {2025--2038},
    volume = {178},
    url = {https://www.tandfonline.com/doi/full/10.1080/00102200600793262},
    doi = {10.1080/00102200600793262},
    issn = {0010-2202},
    keywords = {Combustion, Kinetics, Mechanism, Oxidation, n-decane, n-heptane}
}

@article{Zhao2004BURNING-DECANE,
    title = {{BURNING VELOCITIES AND A HIGH-TEMPERATURE SKELETAL KINETIC MODEL FOR n -DECANE}},
    year = {2004},
    journal = {Combustion Science and Technology},
    author = {Zhao, Zhenwei and Li, Juan and Kazakov, Andrei and Dryer, Frederick L. and Zeppieri, Stephen P.},
    number = {1},
    month = {12},
    pages = {89--106},
    volume = {177},
    url = {http://www.tandfonline.com/doi/abs/10.1080/00102200590883769},
    doi = {10.1080/00102200590883769},
    issn = {0010-2202},
    keywords = {Burning velocity, Dilution, N-decane, Premixed flame, Skeletal reduced kinetic model}
}

@incollection{Speight2014ChapterProcess,
    title = {{Chapter 5 - The Fischer−Tropsch Process}},
    year = {2014},
    booktitle = {Gasification of Unconventional Feedstocks},
    author = {Speight, James G},
    editor = {Speight, James G},
    pages = {118--134},
    publisher = {Gulf Professional Publishing},
    url = {http://www.sciencedirect.com/science/article/pii/B9780127999111000054},
    address = {Boston},
    isbn = {978-0-12-799911-1},
    doi = {https://doi.org/10.1016/B978-0-12-799911-1.00005-4},
    keywords = {Synthesis gas, autothermal reforming, catalytic partial oxidation, chemistry, combined reforming, direct catalytic partial oxidation, high-temperature process, indirect catalytic partial oxidation, low-temperature process, membrane reactors, product distribution, reactor design, steam reforming, thermal partial oxidation}
}

@misc{Hermann2006ChemicalFuel,
    title = {{Chemical Analysis of Combustion Products From a High-Pressure Gas Turbine Combustor Rig Fueled by Jet A1 Fuel and a Fischer-Tropsch-Based Fuel}},
    year = {2006},
    author = {Hermann, Fredrik and Klingmann, Jens and Gabrielsson, Rolf and Pedersen, Jo¨rgen R and Olsson, Jim O and Owrang, Farshid},
    month = {5},
    pages = {523--532},
    url = {https://doi.org/10.1115/GT2006-90600},
    isbn = {0-7918-4236-3},
    doi = {10.1115/GT2006-90600}
}

@article{Zeng2014ChemicalTube,
    title = {{Chemical kinetic simulation of kerosene combustion in an individual flame tube}},
    year = {2014},
    journal = {Journal of Advanced Research},
    author = {Zeng, Wen and Liang, Shuang and Li, Hai xia and Ma, Hong an},
    isbn = {2090-1232 (Print){\textbackslash}r2090-1224 (Linking)},
    doi = {10.1016/j.jare.2013.06.002},
    issn = {20901232},
    pmid = {25685503},
    keywords = {Combustion, Individual flame tube, N-decane, Reduced reaction mechanism, Simulation, Surrogate fuel}
}

@article{Dagaut2007ChemicalCombustion,
    title = {{Chemical Kinetic Study of the Effect of a Biofuel Additive on Jet-A1 Combustion}},
    year = {2007},
    journal = {The Journal of Physical Chemistry A},
    author = {Dagaut, Philippe and Ga{\"{i}}l, Sandro},
    number = {19},
    month = {5},
    pages = {3992--4000},
    volume = {111},
    publisher = {American Chemical Society},
    url = {https://doi.org/10.1021/jp067525j},
    doi = {10.1021/jp067525j},
    issn = {1089-5639}
}

@book{Kee2003ChemicallyPractice,
    title = {{Chemically Reacting Flow Theory {\&}amp; Practice}},
    year = {2003},
    author = {Kee, Robert J. and Coltrin, Michael E. and Glarborg, Peter},
    edition = {1st},
    pages = {67--136},
    publisher = {John Wiley and Sons},
    address = {Hoboken, New Jersey},
    isbn = {0471261793}
}

@inproceedings{Dagaut2014CombustionModeling,
    title = {{Combustion of a gas-to-liquid-based alternative jet fuel: Experimental and detailed kinetic modeling}},
    year = {2014},
    booktitle = {Combustion Science and Technology},
    author = {Dagaut, Philippe and Dayma, Guillaume and Di{\'{e}}vart, Pascal and Hadj-Ali, Kamal and Mz{\'{e}}-Ahmed, Amir},
    number = {10-11},
    month = {11},
    pages = {1275--1283},
    volume = {186},
    publisher = {Taylor and Francis Inc.},
    doi = {10.1080/00102202.2014.934564},
    issn = {1563521X},
    keywords = {Hexanol, Jet stirred reactor, Kinetics, Modeling, Oxidation, Synthetic jet fuel}
}

@book{NationalsAcademiesofSciences2016CommercialResearch,
    title = {{Commercial Aircraft Propulsion and Energy Systems Research}},
    year = {2016},
    author = {Nationals Academies of Sciences, Engineering and Medicine},
    pages = {71--74},
    publisher = {National Academies Press},
    url = {http://www.nap.edu/catalog/23490},
    address = {Washington, D.C.},
    isbn = {978-0-309-44096-7},
    doi = {10.17226/23490}
}

@techreport{Moses2008COMPARATIVEREPORT,
    title = {{COMPARATIVE EVALUATION OF SEMI-SYNTHETIC JET FUELS FINAL REPORT}},
    year = {2008},
    author = {Moses, A Clifford},
    institution = {Coordinating Research Council Inc.}
}

@article{Tian2014ComparativeN-Propylcyclohexane,
    title = {{Comparative Study of Experimental and Modeling Autoignition of Cyclohexane, Ethylcyclohexane, and n-Propylcyclohexane}},
    year = {2014},
    journal = {Energy {\&} Fuels},
    author = {Tian, Zemin and Zhang, Yingjia and Yang, Feiyu and Pan, Lun and Jiang, Xue and Huang, Zuohua},
    number = {11},
    month = {11},
    pages = {7159--7167},
    volume = {28},
    publisher = {American Chemical Society},
    url = {https://doi.org/10.1021/ef501389f},
    doi = {10.1021/ef501389f},
    issn = {0887-0624}
}

@article{Sarathy2011ComprehensiveC20,
    title = {{Comprehensive chemical kinetic modeling of the oxidation of 2-methylalkanes from C7 to C20}},
    year = {2011},
    journal = {Combustion and Flame},
    author = {Sarathy, S. M. and Westbrook, C. K. and Mehl, M. and Pitz, W. J. and Togbe, C. and Dagaut, P. and Wang, H. and Oehlschlaeger, M. A. and Niemann, U. and Seshadri, K. and Veloo, P. S. and Ji, C. and Egolfopoulos, F. N. and Lu, T.},
    number = {12},
    month = {12},
    pages = {2338--2357},
    volume = {158},
    publisher = {Elsevier},
    doi = {10.1016/j.combustflame.2011.05.007},
    issn = {00102180},
    keywords = {2-Methylalkanes, 2-Methylheptane, Chemical kinetic modeling, Iso-alkanes, Mechanism reduction, N-Alkanes}
}

@article{Burke2012ComprehensiveCombustion,
    title = {{Comprehensive H2/O2 kinetic model for high-pressure combustion}},
    year = {2012},
    journal = {International Journal of Chemical Kinetics},
    author = {Burke, Michael P and Chaos, Marcos and Ju, Yiguang and Dryer, Frederick L and Klippenstein, Stephen J},
    number = {7},
    month = {7},
    pages = {444--474},
    volume = {44},
    publisher = {John Wiley {\&} Sons, Ltd},
    url = {https://doi.org/10.1002/kin.20603},
    doi = {10.1002/kin.20603},
    issn = {0538-8066}
}

@article{Aceves1999CompressionCombustion,
    title = {{Compression Ratio Effect on Methane HCCI Combustion}},
    year = {1999},
    journal = {Journal of Engineering for Gas Turbines and Power},
    author = {Aceves, S M and Smith, J R and Westbrook, C K and Pitz, W J},
    number = {3},
    month = {7},
    pages = {569--574},
    volume = {121},
    url = {https://doi.org/10.1115/1.2818510},
    doi = {10.1115/1.2818510},
    issn = {0742-4795}
}

@misc{ComputationalBuilder,
    title = {{Computational Modelling Cambridge Ltd. the kinetics model builder}},
    url = {http://cmclinnovations.com/solutions/products/kinetics/}
}

@article{Warth2000ComputerOxidation,
    title = {{Computer based generation of reaction mechanisms for gas-phase oxidation}},
    year = {2000},
    journal = {Computers {\&} Chemistry},
    author = {Warth, V and Battin-Leclerc, F and Fournet, R and Glaude, P A and C{\^{o}}me, G M and Scacchi, G},
    number = {5},
    pages = {541 - 560},
    volume = {24},
    url = {http://www.sciencedirect.com/science/article/pii/S0097848599000923},
    doi = {https://doi.org/10.1016/S0097-8485(99)00092-3},
    issn = {0097-8485},
    keywords = {Alkanes, Automatic generation, Combustion, Gas-phase, Oxidation, Reaction mechanisms}
}

@misc{CosilabLaboratory,
    title = {{Cosilab Combustion Simulation Laboratory}},
    url = {https://www.rotexo.com/index.php/en/}
}

@article{Nierenstein1915CXXXIV.AnPyrogallol,
    title = {{CXXXIV.—An oxidation product of pyrogallol}},
    year = {1915},
    journal = {J. Chem. Soc., Trans.},
    author = {Nierenstein, Maximilian},
    number = {0},
    pages = {1217--1220},
    volume = {107},
    publisher = {The Royal Society of Chemistry},
    url = {http://dx.doi.org/10.1039/CT9150701217},
    doi = {10.1039/CT9150701217}
}

@article{Olchanski2006DecaneTube,
    title = {{Decane oxidation in a shock tube}},
    year = {2006},
    journal = {International Journal of Chemical Kinetics},
    author = {Olchanski, Erna and Burcat, Alexander},
    number = {12},
    month = {12},
    pages = {703--713},
    volume = {38},
    publisher = {John Wiley {\&} Sons, Ltd},
    url = {https://doi.org/10.1002/kin.20204},
    doi = {10.1002/kin.20204},
    issn = {0538-8066}
}

@article{Magoon2013DesignGeneration,
    title = {{Design and implementation of a next-generation software interface for on-the-fly quantum and force field calculations in automated reaction mechanism generation}},
    year = {2013},
    journal = {Computers {\&} Chemical Engineering},
    author = {Magoon, Gregory R and Green, William H},
    pages = {35 - 45},
    volume = {52},
    url = {http://www.sciencedirect.com/science/article/pii/S0098135412003754},
    doi = {https://doi.org/10.1016/j.compchemeng.2012.11.009},
    issn = {0098-1354},
    keywords = {Automated reaction mechanism generation, Cheminformatics, Molecular structure, Parameter estimation, Quantum chemistry, Thermodynamic properties}
}

@article{Naik2011DetailedFuels,
    title = {{Detailed chemical kinetic mechanism for surrogates of alternative jet fuels}},
    year = {2011},
    journal = {Combustion and Flame},
    author = {Naik, Chitralkumar V. and Puduppakkam, Karthik V. and Modak, Abhijit and Meeks, Ellen and Wang, Yang L. and Feng, Qiyao and Tsotsis, Theodore T.},
    number = {3},
    pages = {434--445},
    volume = {158},
    publisher = {The Combustion Institute.},
    url = {http://dx.doi.org/10.1016/j.combustflame.2010.09.016},
    doi = {10.1016/j.combustflame.2010.09.016},
    issn = {00102180},
    keywords = {Alternative jet fuels, Fuel model, Fuel surrogate, NOx emissions, Reaction mechanism}
}

@article{Naik2011DetailedFuelsb,
    title = {{Detailed chemical kinetic mechanism for surrogates of alternative jet fuels}},
    year = {2011},
    journal = {Combustion and Flame},
    author = {Naik, Chitralkumar V. and Puduppakkam, Karthik V. and Modak, Abhijit and Meeks, Ellen and Wang, Yang L. and Feng, Qiyao and Tsotsis, Theodore T.},
    number = {3},
    month = {3},
    pages = {434--445},
    volume = {158},
    doi = {10.1016/j.combustflame.2010.09.016},
    issn = {00102180},
    keywords = {Alternative jet fuels, Fuel model, Fuel surrogate, NOx emissions, Reaction mechanism}
}

@article{Silke2007DetailedOxidation,
    title = {{Detailed chemical kinetic modeling of cyclohexane oxidation}},
    year = {2007},
    journal = {Journal of Physical Chemistry A},
    author = {Silke, Emma J. and Pitz, William J. and Westbrook, Charles K. and Ribaucour, Marc},
    number = {19},
    month = {5},
    pages = {3761--3775},
    volume = {111},
    doi = {10.1021/jp067592d},
    issn = {10895639}
}

@misc{Battin-Leclerc2008DetailedSurrogates,
    title = {{Detailed chemical kinetic models for the low-temperature combustion of hydrocarbons with application to gasoline and diesel fuel surrogates}},
    year = {2008},
    booktitle = {Progress in Energy and Combustion Science},
    author = {Battin-Leclerc, F.},
    doi = {10.1016/j.pecs.2007.10.002},
    issn = {03601285},
    keywords = {Autoignition, Bio-fuel, Combustion, Detailed kinetic model, Diesel fuel, Gasoline, Low-temperature oxidation, Surrogates}
}

@misc{Deutschmann2019DETCHEMEd.,
    title = {{DETCHEM Software package, 2.8 ed.,}},
    year = {2019},
    author = {Deutschmann, O. and Tischer, S. and Kleditzsch, S. and Janardhanan, V. and Correa, C. and Chatterjee, D. and Mladenov, N. and Minh, H.D. and Karadeniz, H. and Hettel, M. and Menon, V. and Banerjee, A.},
    url = {www.detchem.com, Karlsruhe}
}

@article{Heufer2010DeterminationTube,
    title = {{Determination of ignition delay times of different hydrocarbons in a new high pressure shock tube}},
    year = {2010},
    journal = {Shock Waves},
    author = {Heufer, K. A. and Olivier, H.},
    number = {4},
    pages = {307--316},
    volume = {20},
    doi = {10.1007/s00193-010-0262-2},
    issn = {09381287},
    keywords = {Biofuel, Combustion, Ignition delay, Shock tube}
}

@article{Curran2019DevelopingCombustion,
    title = {{Developing detailed chemical kinetic mechanisms for fuel combustion}},
    year = {2019},
    journal = {Proceedings of the Combustion Institute},
    author = {Curran, Henry J.},
    number = {1},
    volume = {37},
    doi = {10.1016/j.proci.2018.06.054},
    issn = {15407489}
}

@article{Curran2019DevelopingCombustionb,
    title = {{Developing detailed chemical kinetic mechanisms for fuel combustion}},
    year = {2019},
    journal = {Proceedings of the Combustion Institute},
    author = {Curran, Henry J.},
    number = {1},
    month = {1},
    pages = {57--81},
    volume = {37},
    publisher = {Elsevier},
    url = {https://www.sciencedirect.com/science/article/pii/S1540748918302372?via%3Dihub},
    doi = {10.1016/J.PROCI.2018.06.054},
    issn = {1540-7489}
}

@article{Cheng2015DevelopmentFuels,
    title = {{Development and validation of a generic reduced chemical kinetic mechanism for CFD spray combustion modelling of biodiesel fuels}},
    year = {2015},
    journal = {Combustion and Flame},
    author = {Cheng, Xinwei and Ng, Hoon Kiat and Gan, Suyin and Ho, Jee Hou and Pang, Kar Mun},
    isbn = {0010-2180},
    doi = {10.1016/j.combustflame.2015.02.003},
    issn = {15562921},
    keywords = {Biodiesel, CFD, Chemical kinetics, Combustion, Reduction}
}

@article{Cheng2015DevelopmentFuelsb,
    title = {{Development and validation of a generic reduced chemical kinetic mechanism for CFD spray combustion modelling of biodiesel fuels}},
    year = {2015},
    journal = {Combustion and Flame},
    author = {Cheng, Xinwei and Ng, Hoon Kiat and Gan, Suyin and Ho, Jee Hou and Pang, Kar Mun},
    isbn = {9781845694432},
    doi = {10.1016/j.combustflame.2015.02.003},
    issn = {15562921},
    keywords = {Biodiesel, CFD, Chemical kinetics, Combustion, Reduction}
}

@article{Gururajan2019DirectTimes,
    title = {{Direct sensitivity analysis for ignition delay times}},
    year = {2019},
    journal = {Combustion and Flame},
    author = {Gururajan, Vyaas and Egolfopoulos, Fokion N.},
    month = {11},
    pages = {478--480},
    volume = {209},
    publisher = {Elsevier},
    url = {https://www.sciencedirect.com/science/article/abs/pii/S0010218019303645?via%3Dihub#!},
    doi = {10.1016/J.COMBUSTFLAME.2019.08.007},
    issn = {0010-2180}
}

@article{Gururajan2019DirectTimesb,
    title = {{Direct sensitivity analysis for ignition delay times}},
    year = {2019},
    journal = {Combustion and Flame},
    author = {Gururajan, Vyaas and Egolfopoulos, Fokion N.},
    month = {11},
    pages = {478--480},
    volume = {209},
    publisher = {Elsevier},
    url = {https://www.sciencedirect.com/science/article/pii/S0010218019303645},
    doi = {10.1016/J.COMBUSTFLAME.2019.08.007},
    issn = {0010-2180}
}

@article{Corporan2007EmissionsFuel,
    title = {{Emissions Characteristics of a Turbine Engine and Research Combustor Burning a Fischer−Tropsch Jet Fuel}},
    year = {2007},
    journal = {Energy {\&} Fuels},
    author = {Corporan, Edwin and DeWitt, Matthew J and Belovich, Vincent and Pawlik, Robert and Lynch, Amy C and Gord, James R and Meyer, Terrence R},
    number = {5},
    month = {9},
    pages = {2615--2626},
    volume = {21},
    publisher = {American Chemical Society},
    url = {https://doi.org/10.1021/ef070015j},
    doi = {10.1021/ef070015j},
    issn = {0887-0624}
}

@article{Baulch2005EvaluatedII,
    title = {{Evaluated kinetic data for combustion modeling: Supplement II}},
    year = {2005},
    journal = {Journal of Physical and Chemical Reference Data},
    author = {Baulch, D. L. and Bowman, C. T. and Cobos, C. J. and Cox, R. A. and Just, Th and Kerr, J. A. and Pilling, M. J. and Stocker, D. and Troe, J. and Tsang, W. and Walker, R. W. and Warnatz, J.},
    number = {3},
    pages = {757--1397},
    volume = {34},
    doi = {10.1063/1.1748524},
    issn = {00472689},
    keywords = {Chemical kinetics, Combustion, Data evaluation, Gas phase, Rate constant}
}

@article{Poon2013EvaluationSurrogates,
    title = {{Evaluation and Development of Chemical Kinetic Mechanism Reduction Scheme for Biodiesel and Diesel Fuel Surrogates}},
    year = {2013},
    journal = {SAE International Journal of Fuels and Lubricants},
    author = {Poon, Hiew Mun and Ng, Hoon Kiat and Gan, Suyin and Pang, Kar Mun and Schramm, Jesper},
    isbn = {9783038350552},
    doi = {10.4271/2013-01-2630},
    issn = {1946-3960}
}

@article{Ji2019EvolutionAutoignition,
    title = {{Evolution of sensitivity directions during autoignition}},
    year = {2019},
    journal = {Proceedings of the Combustion Institute},
    author = {Ji, Weiqi and Ren, Zhuyin and Law, Chung K},
    number = {1},
    pages = {807--815},
    volume = {37},
    url = {http://www.sciencedirect.com/science/article/pii/S1540748918304231},
    doi = {https://doi.org/10.1016/j.proci.2018.07.005},
    issn = {1540-7489},
    keywords = {Gradient, Ignition delay time, Sensitivity analysis, Sensitivity direction, Similarity}
}

@article{Gokulakrishnan2007ExperimentalConditions,
    title = {{Experimental and Kinetic Modeling of Kerosene-Type Fuels at Gas Turbine Operating Conditions}},
    year = {2007},
    journal = {Journal of Engineering for Gas Turbines and Power},
    author = {Gokulakrishnan, P. and Gaines, G. and Currano, J. and Klassen, M. S. and Roby, R. J.},
    number = {3},
    month = {7},
    pages = {655--663},
    volume = {129},
    url = {https://asmedigitalcollection.asme.org/gasturbinespower/article/129/3/655/476122/Experimental-and-Kinetic-Modeling-of-KeroseneType},
    doi = {10.1115/1.2436575},
    issn = {0742-4795},
    keywords = {Autoignition, Aviation fuels, Flow reactor, Gas turbines, Kerosene oxidation, Kinetic modeling, Lean premixed combustion}
}

@article{Dagaut2016ExperimentalSurrogates,
    title = {{Experimental and Kinetic Modeling of the Oxidation of Synthetic Jet Fuels and Surrogates}},
    year = {2016},
    journal = {Combustion Science and Technology},
    author = {Dagaut, Philippe and Karsenty, Florent and Dayma, Guillaume and Serinyel, Zeynep},
    number = {11-12},
    month = {12},
    pages = {1705--1718},
    volume = {188},
    publisher = {Taylor and Francis Inc.},
    url = {https://www.tandfonline.com/doi/full/10.1080/00102202.2016.1212543},
    doi = {10.1080/00102202.2016.1212543},
    issn = {0010-2202},
    keywords = {Jet fuel, Jet-stirred reactor, Kinetic modeling, Oxidation}
}

@article{Bieleveld2009ExperimentalFlows,
    title = {{Experimental and kinetic modeling study of combustion of gasoline, its surrogates and components in laminar non-premixed flows}},
    year = {2009},
    journal = {Proceedings of the Combustion Institute},
    author = {Bieleveld, Tom and Frassoldati, Alessio and Cuoci, Alberto and Faravelli, Tiziano and Ranzi, Eliseo and Niemann, Ulrich and Seshadri, Kalyanasundaram},
    number = {1},
    pages = {493--500},
    volume = {32},
    url = {https://linkinghub.elsevier.com/retrieve/pii/S1540748908002605},
    isbn = {1540-7489},
    doi = {10.1016/j.proci.2008.06.214},
    issn = {15407489},
    keywords = {Autoignition, Chemical-kinetic mechanism, Gasoline, Surrogate}
}

@article{Wang2015ExperimentalCombustion,
    title = {{Experimental and kinetic modeling study of n-pentanol pyrolysis and combustion}},
    year = {2015},
    journal = {Combustion and Flame},
    author = {Wang, Gao and Yuan, Wenhao and Li, Yuyang and Zhao, Long and Qi, Fei},
    number = {9},
    month = {5},
    pages = {3277--3287},
    volume = {162},
    publisher = {Elsevier Inc.},
    doi = {10.1016/j.combustflame.2015.05.017},
    issn = {00102180},
    keywords = {Flow reactor pyrolysis, Kinetic model, Laminar premixed flame, SVUV-PIMS, n-Pentanol}
}

@article{Zeng2014ExperimentalN-decane,
    title = {{Experimental and kinetic modeling study of pyrolysis and oxidation of n-decane}},
    year = {2014},
    journal = {Combustion and Flame},
    author = {Zeng, Meirong and Yuan, Wenhao and Wang, Yizun and Zhou, Weixing and Zhang, Lidong and Qi, Fei and Li, Yuyang},
    number = {7},
    month = {7},
    pages = {1701--1715},
    volume = {161},
    publisher = {Elsevier},
    url = {https://www.sciencedirect.com/science/article/pii/S0010218014000078?via%3Dihub#m0005},
    doi = {10.1016/J.COMBUSTFLAME.2014.01.002},
    issn = {0010-2180}
}

@article{Singh2011ExperimentalFlames,
    title = {{Experimental and Kinetic Modeling Study of the Combustion of n-Decane, Jet-A, and S-8 in Laminar Premixed Flames}},
    year = {2011},
    journal = {Combustion Science and Technology},
    author = {Singh, Deepti and Nishiie, Takayuki and Qiao, Li},
    number = {10},
    month = {10},
    pages = {1002--1026},
    volume = {183},
    url = {http://www.tandfonline.com/doi/abs/10.1080/00102202.2011.575420},
    doi = {10.1080/00102202.2011.575420},
    issn = {0010-2202},
    keywords = {Chemical kinetics, Jet-A, Laminar flame speed, N-Decane, S-8, Surrogate models}
}

@inproceedings{Oehlschlaeger2009ExperimentalDecalin,
    title = {{Experimental and kinetic modeling study of the pyrolysis and oxidation of decalin}},
    year = {2009},
    booktitle = {Energy and Fuels},
    author = {Oehlschlaeger, Matthew A. and Shen, Hsi Ping S. and Frassoldati, Alessio and Pierucci, Sauro and Ranzi, Eliseo},
    doi = {10.1021/ef800892y},
    issn = {08870624}
}

@article{Wang2014ExperimentalCombustion,
    title = {{Experimental and kinetic modeling study on methylcyclohexane pyrolysis and combustion}},
    year = {2014},
    journal = {Combustion and Flame},
    author = {Wang, Zhandong and Ye, Lili and Yuan, Wenhao and Zhang, Lidong and Wang, Yizun and Cheng, Zhanjun and Zhang, Feng and Qi, Fei},
    number = {1},
    month = {1},
    pages = {84--100},
    volume = {161},
    publisher = {Elsevier},
    url = {https://www.sciencedirect.com/science/article/pii/S0010218013003052?via%3Dihub#b0300},
    doi = {10.1016/J.COMBUSTFLAME.2013.08.011},
    issn = {0010-2180}
}

@article{Dubois2009ExperimentalConditions,
    title = {{Experimental and modeling study of n-propylcyclohexane oxidation under engine-relevant conditions}},
    year = {2009},
    journal = {Energy and Fuels},
    author = {Dubois, Thomas and Chaumeix, Nabiha and Paillard, Claude Etienne},
    doi = {10.1021/ef801062d},
    issn = {08870624}
}

@article{Dubois2009ExperimentalConditionsb,
    title = {{Experimental and Modeling Study of n-Propylcyclohexane Oxidation under Engine-relevant Conditions}},
    year = {2009},
    journal = {Energy {\&} Fuels},
    author = {Dubois, Thomas and Chaumeix, Nabiha and Paillard, Claude-Etienne},
    number = {5},
    month = {5},
    pages = {2453--2466},
    volume = {23},
    url = {https://pubs.acs.org/doi/10.1021/ef801062d},
    doi = {10.1021/ef801062d},
    issn = {0887-0624}
}

@article{Biet2008ExperimentalAlkanes,
    title = {{Experimental and modeling study of the low-temperature oxidation of large alkanes}},
    year = {2008},
    journal = {Energy and Fuels},
    author = {Biet, Joffrey and Hakka, Mohammed Hichem and Warth, Valérie and Glaude, Pierre Alexandre and Battin-Leclerc, Frédérique},
    number = {4},
    month = {7},
    pages = {2258--2269},
    volume = {22},
    doi = {10.1021/ef8000746},
    issn = {08870624}
}

@article{Biet2008ExperimentalAlkanesb,
    title = {{Experimental and modeling study of the low-temperature oxidation of large alkanes}},
    year = {2008},
    journal = {Energy and Fuels},
    author = {Biet, Joffrey and Hakka, Mohammed Hichem and Warth, Valérie and Glaude, Pierre Alexandre and Battin-Leclerc, Frédérique},
    doi = {10.1021/ef8000746},
    issn = {08870624}
}

@article{Biet2008ExperimentalAlkanesc,
    title = {{Experimental and modeling study of the low-temperature oxidation of large alkanes}},
    year = {2008},
    journal = {Energy and Fuels},
    author = {Biet, Joffrey and Hakka, Mohammed Hichem and Warth, Valérie and Glaude, Pierre Alexandre and Battin-Leclerc, Frédérique},
    number = {4},
    month = {7},
    pages = {2258--2269},
    volume = {22},
    doi = {10.1021/ef8000746},
    issn = {08870624}
}

@article{Gong2014ExperimentalN-decane,
    title = {{Experimental and modeling study of thermal and catalytic cracking of n-decane}},
    year = {2014},
    journal = {Journal of Analytical and Applied Pyrolysis},
    author = {Gong, ChunMing and Ning, HongBo and Xu, JiaQi and Li, ZeRong and Zhu, Quan and Li, XiangYuan},
    month = {11},
    pages = {463--469},
    volume = {110},
    url = {https://linkinghub.elsevier.com/retrieve/pii/S016523701400271X},
    doi = {10.1016/j.jaap.2014.10.021},
    issn = {01652370},
    keywords = {Catalytic cracking, Gas yield, Numerical simulation, Product distribution, Thermal cracking}
}

@article{Malewicki2013ExperimentalIso-octane,
    title = {{Experimental and modeling study on the pyrolysis and oxidation of iso-octane}},
    year = {2013},
    journal = {Proceedings of the Combustion Institute},
    author = {Malewicki, Tomasz and Comandini, Andrea and Brezinsky, Kenneth},
    number = {1},
    pages = {353--360},
    volume = {34},
    publisher = {Elsevier Ltd},
    doi = {10.1016/j.proci.2012.06.137},
    issn = {15407489},
    keywords = {Iso-octane, Kinetic model, Oxidation, Pyrolysis, Shock tube}
}

@article{Malewicki2013ExperimentalN-dodecane,
    title = {{Experimental and modeling study on the pyrolysis and oxidation of n-decane and n-dodecane}},
    year = {2013},
    journal = {Proceedings of the Combustion Institute},
    author = {Malewicki, Tomasz and Brezinsky, Kenneth},
    number = {1},
    month = {1},
    pages = {361--368},
    volume = {34},
    url = {https://linkinghub.elsevier.com/retrieve/pii/S1540748912002647},
    doi = {10.1016/j.proci.2012.06.156},
    issn = {15407489},
    keywords = {N-decane, N-dodecane, Oxidation, Pyrolysis, Shock tube}
}

@article{Malewicki2013ExperimentalN-dodecaneb,
    title = {{Experimental and modeling study on the pyrolysis and oxidation of n-decane and n-dodecane}},
    year = {2013},
    journal = {Proceedings of the Combustion Institute},
    author = {Malewicki, Tomasz and Brezinsky, Kenneth},
    number = {1},
    pages = {361--368},
    volume = {34},
    publisher = {Elsevier Ltd},
    doi = {10.1016/j.proci.2012.06.156},
    issn = {15407489},
    keywords = {N-decane, N-dodecane, Oxidation, Pyrolysis, Shock tube}
}

@article{Malewicki2013ExperimentalN-dodecanec,
    title = {{Experimental and modeling study on the pyrolysis and oxidation of n-decane and n-dodecane}},
    year = {2013},
    journal = {Proceedings of the Combustion Institute},
    author = {Malewicki, Tomasz and Brezinsky, Kenneth},
    doi = {10.1016/j.proci.2012.06.156},
    issn = {15407489},
    keywords = {N-decane, N-dodecane, Oxidation, Pyrolysis, Shock tube}
}

@article{Malewicki2013ExperimentalN-dodecaned,
    title = {{Experimental and modeling study on the pyrolysis and oxidation of n-decane and n-dodecane}},
    year = {2013},
    journal = {Proceedings of the Combustion Institute},
    author = {Malewicki, Tomasz and Brezinsky, Kenneth},
    doi = {10.1016/j.proci.2012.06.156},
    issn = {15407489},
    keywords = {N-decane, N-dodecane, Oxidation, Pyrolysis, Shock tube}
}

@article{Zheng2007Experimental13-butadiene,
    title = {{Experimental counterflow ignition temperatures and reaction mechanisms of 1,3-butadiene}},
    year = {2007},
    journal = {Proceedings of the Combustion Institute},
    author = {Zheng, X. L. and Lu, T. F. and Law, C. K.},
    number = {1},
    month = {1},
    pages = {367--375},
    volume = {31 I},
    publisher = {Elsevier Ltd},
    doi = {10.1016/j.proci.2006.07.182},
    issn = {15407489},
    keywords = {1,3-Butadiene, Direct relation graph, Ignition temperature, Reduced mechanism, Skeletal mechanism}
}

@article{Bales-Gueret1992ExperimentalReactor,
    title = {{Experimental study and kinetic modeling of higher hydrocarbons oxidation in a jet-stirred flow reactor}},
    year = {1992},
    journal = {Energy and Fuels},
    author = {Bales-Gueret, Corinne and Cathonnet, Michel and Boettner, Jean Claude and Gaillard, Francoise},
    number = {2},
    pages = {189--194},
    volume = {6},
    doi = {10.1021/ef00032a013},
    issn = {08870624}
}

@article{Seiser2011ExperimentalFlows,
    title = {{Experimental study of combustion of n-decane and JP-10 in non-premixed flows}},
    year = {2011},
    journal = {Proceedings of the Combustion Institute},
    author = {Seiser, R. and Niemann, U. and Seshadri, K.},
    number = {1},
    pages = {1045--1052},
    volume = {33},
    doi = {10.1016/j.proci.2010.06.078},
    issn = {15407489},
    keywords = {Decane, Experiments, Flame structure, JP-10, Non-premixed}
}

@inproceedings{Weber2013ExperimentsPressure,
    title = {{Experiments and modeling of the autoignition of methyl-cyclohexane at high pressure}},
    year = {2013},
    booktitle = {8th US National Combustion Meeting 2013},
    author = {Weber, B. W. and Pitz, W. J. and Sung, C. J. and Mehl, M. and Silke, E. J. and Davis, A. C.},
    isbn = {9781627488426}
}

@inproceedings{Weber2013ExperimentsPressureb,
    title = {{Experiments and modeling of the autoignition of methyl-cyclohexane at high pressure}},
    year = {2013},
    booktitle = {8th US National Combustion Meeting 2013},
    author = {Weber, B. W. and Pitz, W. J. and Sung, C. J. and Mehl, M. and Silke, E. J. and Davis, A. C.},
    pages = {3064--3071},
    volume = {4},
    publisher = {Western States Section/Combustion Institute},
    isbn = {9781627488426}
}

@techreport{Epa2019Fast2019,
    title = {{Fast Facts: U.S. Transportation Sector Greenhouse Gas Emissions, 1990-2017 (EPA-420-F-19-047, June 2019)}},
    year = {2019},
    author = {Epa, Us and of Transportation, Office and Quality, Air and Division, Climate},
    keywords = {420f19047, EPA-420-F-19-047, GHG, GWP, aircraft, boats, car, emissions, fuel consumption, global warming, greenhouse gas, heavy duty, light duty, medium, mobile, nontransportation, passenger, rail, ships, transportation, trucks}
}

@article{Zhang2016First-stageSimulation,
    title = {{First-stage ignition delay in the negative temperature coefficient behavior: Experiment and simulation}},
    year = {2016},
    journal = {Combustion and Flame},
    author = {Zhang, Peng and Ji, Weiqi and He, Tanjin and He, Xin and Wang, Zhi and Yang, Bin and Law, Chung K.},
    volume = {167},
    doi = {10.1016/j.combustflame.2016.03.002},
    issn = {15562921}
}

@article{Shafer2019Fischer-tropsch:Fuels,
    title = {{Fischer-tropsch: Product selectivity-the fingerprint of synthetic fuels}},
    year = {2019},
    journal = {Catalysts},
    author = {Shafer, Wilson D. and Gnanamani, Muthu Kumaran and Graham, Uschi M. and Yang, Jia and Masuku, Cornelius M. and Jacobs, Gary and Davis, Burtron H.},
    number = {3},
    volume = {9},
    doi = {10.3390/catal9030259},
    issn = {20734344},
    keywords = {Anderson-Schulz-Flory (ASF) distribution, Cobalt, Fischer-tropsch synthesis (FTS), Iron, Oxygenates, Ruthenium}
}

@article{Wagner1955FlameVelocity,
    title = {{Flame Propagation. V. Structural Influences on Burning Velocity. Comparison of Measured and Calculated Burning Velocity}},
    year = {1955},
    journal = {Journal of the American Chemical Society},
    author = {Wagner, Paul and Dugger, Gordon L},
    number = {1},
    month = {1},
    pages = {227--231},
    volume = {77},
    publisher = {American Chemical Society},
    url = {https://doi.org/10.1021/ja01606a082},
    doi = {10.1021/ja01606a082},
    issn = {0002-7863}
}

@misc{Pitsch1990FlameMasterCalculations,
    title = {{FlameMaster v3.3.10: A C++ Computer program for 0D Combustion and 1D Laminar Flame Calculations}},
    year = {1990},
    author = {Pitsch, H.},
    url = {http://www.itv.rwth-aachen.de/index.php?id=128}
}

@misc{Mallik2014Gas-to_liquidsMarket,
    title = {{Gas-to{\_}liquids plants face challenges in the U.S. market}},
    year = {2014},
    author = {Mallik, Arup and Mantri, Vishakh},
    url = {https://www.eia.gov/todayinenergy/detail.php?id=15071}
}

@article{Forman2011GreenhousePathway,
    title = {{Greenhouse gas emission evaluation of the GTL pathway}},
    year = {2011},
    journal = {Environmental Science and Technology},
    author = {Forman, Grant S. and Hahn, Tristan E. and Jensen, Scott D.},
    number = {20},
    month = {10},
    pages = {9084--9092},
    volume = {45},
    doi = {10.1021/es202101b},
    issn = {0013936X}
}

@misc{BowmanGRI-Mech2.11,
    title = {{GRI-Mech 2.11}},
    booktitle = {1995},
    author = {Bowman, C.T. and Hanson, R.K. and Davidson, D.F. and Gardiner, W.C Jr. and Lissianski, V. and Smith, G.P. and Golden, D.M. and Frenklach, M. and Goldenberg, M.},
    url = {http://www.me.berkeley.edu/gri_mech/}
}

@misc{SmithGRI-Mech3.0,
    title = {{GRI-Mech 3.0}},
    author = {Smith, Gregory P. and Golden, David M. and Frenklach, Michael and Moriarty, Nigel W. and Either, Boris and Goldenberg, Mikhail and Bowman, Thomas C. and Hanson, Ronald K. and Song, Soonho and Gardiner, William C. Jr. and Lissianski, Vitali V. and Qin, Zhiwei},
    url = {http://www.me.berkeley.edu/gri_mech/}
}

@misc{Frenklach1995GRI-Mech---AnGRI-95/0058,
    title = {{GRI-Mech---An Optimized Detailed Chemical Reaction Mechanism for Methane Combustion, Report No. GRI-95/0058}},
    year = {1995},
    author = {Frenklach, M. and Wang, H. and You, C.-L. and Goldengerb, M. and Bowman, C.T. and Hanson, R.K. and Davidson, D.F. and Chang, E.J. and Smith, G.P. and Golden, D.M. and Gardiner, W.C. and Lissianski, V. and {Gas Research Institute Topical Report}},
    url = {http://www.me.berkeley.edu/gri_mech/}
}

@article{Frenklach2000GRI-MechAnCombustion,
    title = {{GRI-Mech—An Optimized Detailed Chemical Reaction Mechanism for Methane Combustion}},
    year = {2000},
    author = {Frenklach, M and Wang, Hai and Goldenberg, M and Smith, Gregory and Golden, D and Bowman, C and Hanson, R and Gardiner, W and Lissianski, Vitali},
    month = {1},
    pages = {}
}

@phdthesis{Dhaene2016HETEROGENEOUSOF,
    title = {{HETEROGENEOUS EVOLUTION OF}},
    year = {2016},
    author = {Dhaene, Tom},
    number = {March}
}

@article{Ranzi2012HierarchicalFuels,
    title = {{Hierarchical and comparative kinetic modeling of laminar flame speeds of hydrocarbon and oxygenated fuels}},
    year = {2012},
    journal = {Progress in Energy and Combustion Science},
    author = {Ranzi, E and Frassoldati, A and Grana, R and Cuoci, A and Faravelli, T and Kelley, A P and Law, C K},
    number = {4},
    pages = {468--501},
    volume = {38},
    url = {http://www.sciencedirect.com/science/article/pii/S0360128512000196},
    doi = {https://doi.org/10.1016/j.pecs.2012.03.004},
    issn = {0360-1285},
    keywords = {Detailed kinetics, Hydrocarbon fuels, Laminar flame speed, Reference fuels}
}

@article{Hashemi2016High-pressureMethane,
    title = {{High-pressure oxidation of methane}},
    year = {2016},
    journal = {Combustion and Flame},
    author = {Hashemi, Hamid and Christensen, Jakob M. and Gersen, Sander and Levinsky, Howard and Klippenstein, Stephen J. and Glarborg, Peter},
    month = {10},
    pages = {349--364},
    volume = {172},
    publisher = {Elsevier Inc.},
    doi = {10.1016/j.combustflame.2016.07.016},
    issn = {15562921},
    keywords = {High pressure, Ignition, Methane, Reaction kinetics}
}

@article{Pollard1977Hydrocarbons,
    title = {{Hydrocarbons}},
    year = {1977},
    journal = {Comprehensive Chemical Kinetics},
    author = {Pollard, R. T.},
    number = {C},
    month = {1},
    pages = {249--367},
    volume = {17},
    publisher = {Elsevier},
    doi = {10.1016/S0069-8040(08)70080-3},
    issn = {00698040}
}

@article{Lay1995HydrogenSpecies,
    title = {{Hydrogen Atom Bond Increments for Calculation of Thermodynamic Properties of Hydrocarbon Radical Species}},
    year = {1995},
    journal = {The Journal of Physical Chemistry},
    author = {Lay, Tsan H and Bozzelli, Joseph W and Dean, Anthony M and Ritter, Edward R},
    number = {39},
    month = {9},
    pages = {14514--14527},
    volume = {99},
    publisher = {American Chemical Society},
    url = {https://doi.org/10.1021/j100039a045},
    doi = {10.1021/j100039a045},
    issn = {0022-3654}
}

@inproceedings{Gokulakrishnan2008IgnitionFuel,
    title = {{Ignition Characteristics of a Fischer-Tropsch Synthetic Jet Fuel}},
    year = {2008},
    booktitle = {Volume 3: Combustion, Fuels and Emissions, Parts A and B},
    author = {Gokulakrishnan, P. and Klassen, M. S. and Roby, R. J.},
    number = {PART B},
    month = {1},
    pages = {921--929},
    volume = {3},
    publisher = {ASMEDC},
    url = {https://asmedigitalcollection.asme.org/GT/proceedings/GT2008/43130/921/328391},
    isbn = {978-0-7918-4313-0},
    doi = {10.1115/GT2008-51211}
}

@article{Haylett2012IgnitionTube,
    title = {{Ignition delay times of low-vapor-pressure fuels measured using an aerosol shock tube}},
    year = {2012},
    journal = {Combustion and Flame},
    author = {Haylett, Daniel R. and Davidson, David F. and Hanson, Ronald K.},
    number = {2},
    pages = {552--561},
    volume = {159},
    publisher = {The Combustion Institute.},
    url = {http://dx.doi.org/10.1016/j.combustflame.2011.08.021},
    doi = {10.1016/j.combustflame.2011.08.021},
    issn = {00102180},
    keywords = {Aerosol shock tube, Diesel, Ignition delay times, Methyl decanoate, N-Dodecane, N-Hexadecane}
}

@article{Davidson2004InterpretingData,
    title = {{Interpreting shock tube ignition data}},
    year = {2004},
    journal = {International Journal of Chemical Kinetics},
    author = {Davidson, D. F. and Hanson, R. K.},
    number = {9},
    pages = {510--523},
    volume = {36},
    doi = {10.1002/kin.20024},
    issn = {05388066}
}

@article{Abbasi2018KineticFormation,
    title = {{Kinetic modeling of cyclohexane and n-propylcyclohexane oxidation with the pah precursor formation}},
    year = {2018},
    journal = {AIAA Aerospace Sciences Meeting, 2018},
    author = {Abbasi, M. and Slavinskaya, N. A. and Riedel, U.},
    number = {210059},
    pages = {1--12},
    isbn = {9781624105241},
    doi = {10.2514/6.2018-0140}
}

@article{Mehl2011KineticConditions,
    title = {{Kinetic modeling of gasoline surrogate components and mixtures under engine conditions}},
    year = {2011},
    journal = {Proceedings of the Combustion Institute},
    author = {Mehl, Marco and Pitz, William J. and Westbrook, Charles K. and Curran, Henry J.},
    isbn = {1540-7489},
    doi = {10.1016/j.proci.2010.05.027},
    issn = {15407489},
    keywords = {Auto-ignition, Blending effects, Gasoline surrogates, Kinetic modeling}
}

@article{Bikas2001KineticAutoignition,
    title = {{Kinetic modelling of n-decane combustion and autoignition}},
    year = {2001},
    journal = {Combustion and Flame},
    author = {Bikas, G. and Peters, N.},
    doi = {10.1016/S0010-2180(01)00254-1},
    issn = {00102180}
}

@article{Zabetta2002KineticPlants,
    title = {{Kinetic modelling study on the potential of staged combustion in gas turbines for the reduction of nitrogen oxide emissions from biomass IGCC plants}},
    year = {2002},
    journal = {Fuel and Energy Abstracts},
    author = {Zabetta, E C and Kilpinen, P and Hupa, M and Stahl, K and Leppalahti, J and Cannon, M and Nieminen, J},
    isbn = {0887-0624},
    doi = {10.1016/S0140-6701(02)85323-1},
    issn = {01406701},
    keywords = {gasification gas, nh3, selective catalytic-oxidation}
}

@article{Wang2015KineticsStudy,
    title = {{Kinetics of ethylcyclohexane pyrolysis and oxidation: An experimental and detailed kinetic modeling study}},
    year = {2015},
    journal = {Combustion and Flame},
    author = {Wang, Zhandong and Zhao, Long and Wang, Yu and Bian, Huiting and Zhang, Lidong and Zhang, Feng and Li, Yuyang and Sarathy, S. Mani and Qi, Fei},
    number = {7},
    month = {7},
    pages = {2873--2892},
    volume = {162},
    publisher = {Elsevier},
    url = {https://www.sciencedirect.com/science/article/pii/S0010218015001029?via%3Dihub#s0090},
    doi = {10.1016/J.COMBUSTFLAME.2015.03.017},
    issn = {0010-2180}
}

@article{Wang2015KineticsStudyb,
    title = {{Kinetics of ethylcyclohexane pyrolysis and oxidation: An experimental and detailed kinetic modeling study}},
    year = {2015},
    journal = {Combustion and Flame},
    author = {Wang, Zhandong and Zhao, Long and Wang, Yu and Bian, Huiting and Zhang, Lidong and Zhang, Feng and Li, Yuyang and Sarathy, S. Mani and Qi, Fei},
    number = {7},
    month = {7},
    pages = {2873--2892},
    volume = {162},
    publisher = {Elsevier Inc.},
    doi = {10.1016/j.combustflame.2015.03.017},
    issn = {15562921},
    keywords = {Ethylcyclohexane, Kinetic modeling, Oxidation, Premixed flames, Pyrolysis, Synchrotron VUV photoionization mass spectrometry}
}

@inproceedings{Mze-Ahmed2010KineticsStudy,
    title = {{Kinetics of oxidation of a synthetic jet fuel in a jet-stirred reactor: Experimental and modeling study}},
    year = {2010},
    booktitle = {Energy and Fuels},
    author = {Mz{\'{e}}-Ahmed, A. and Hadj-Ali, K. and Di{\'{e}}vart, P. and Dagaut, P.},
    doi = {10.1021/ef100751q},
    issn = {08870624}
}

@article{RamirezL.2010KineticsStudies,
    title = {{Kinetics of oxidation of commercial and surrogate diesel fuels in a jet-stirred reactor: Experimental and modeling studies}},
    year = {2010},
    journal = {Energy and Fuels},
    author = {Ramirez L., H. P. and Hadj-Ali, K. and Di{\'{e}}vart, P. and Mor{\'{e}}ac, G. and Dagaut, P.},
    doi = {10.1021/ef9015526},
    issn = {08870624}
}

@article{Keyser1988KineticsK,
    title = {{Kinetics of the reaction hydroxyl + hydroperoxo .fwdarw. water + oxygen from 254 to 382 K}},
    year = {1988},
    journal = {The Journal of Physical Chemistry},
    author = {Keyser, Leon F},
    number = {5},
    month = {3},
    pages = {1193--1200},
    volume = {92},
    publisher = {American Chemical Society},
    url = {https://doi.org/10.1021/j100316a037},
    doi = {10.1021/j100316a037},
    issn = {0022-3654}
}

@misc{Kintechlab:ChemicalWorkBench,
    title = {{kintechlab:Chemical WorkBench}},
    url = {http://www.kintechlab.com/products/chemical-workbench/}
}

@article{Moghaddas2012LaminarPressures,
    title = {{Laminar burning speed measurement of premixed n-decane/air mixtures using spherically expanding flames at high temperatures and pressures}},
    year = {2012},
    journal = {Combustion and Flame},
    author = {Moghaddas, Ali and Eisazadeh-Far, Kian and Metghalchi, Hameed},
    number = {4},
    pages = {1437--1443},
    volume = {159},
    publisher = {The Combustion Institute.},
    url = {http://dx.doi.org/10.1016/j.combustflame.2011.12.005},
    doi = {10.1016/j.combustflame.2011.12.005},
    issn = {00102180},
    keywords = {Flame structure, Laminar burning speed, N-Decane, Spherical flame}
}

@article{Alekseev2017LaminarMixture,
    title = {{Laminar burning velocities of n-decane and binary kerosene surrogate mixture}},
    year = {2017},
    journal = {Fuel},
    author = {Alekseev, V. A. and Soloviova-Sokolova, J. V. and Matveev, S. S. and Chechet, I. V. and Matveev, S. G. and Konnov, A. A.},
    doi = {10.1016/j.fuel.2016.09.085},
    issn = {00162361},
    keywords = {Burning velocity, Kerosene surrogate, Modeling, n-decane}
}

@article{Li2012LaminarMixtures,
    title = {{Laminar Flame Speeds of DMF/ Iso -octane-Air-N 2 /CO 2 Mixtures}},
    year = {2012},
    journal = {Energy {\&} Fuels},
    author = {Li, Qianqian and Fu, Jin and Wu, Xuesong and Tang, Chenglong and Huang, Zuohua},
    number = {2},
    month = {2},
    pages = {917--925},
    volume = {26},
    publisher = {American Chemical Society},
    url = {https://doi.org/10.1021/ef201638w https://pubs.acs.org/doi/10.1021/ef201638w},
    doi = {10.1021/ef201638w},
    issn = {0887-0624}
}

@article{Hui2013LaminarPressures,
    title = {{Laminar flame speeds of transportation-relevant hydrocarbons and jet fuels at elevated temperatures and pressures}},
    year = {2013},
    journal = {Fuel},
    author = {Hui, Xin and Sung, Chih Jen},
    pages = {191--200},
    volume = {109},
    publisher = {Elsevier Ltd},
    url = {http://dx.doi.org/10.1016/j.fuel.2012.12.084},
    doi = {10.1016/j.fuel.2012.12.084},
    issn = {00162361},
    keywords = {Elevated pressures, Jet fuels, Laminar flame speed, Liquid hydrocarbons}
}

@article{Pousse2010LeanN-Propylcyclohexane,
    title = {{Lean methane premixed laminar flames doped by components of diesel fuel II: n-Propylcyclohexane}},
    year = {2010},
    journal = {Combustion and Flame},
    author = {Pousse, E. and Porter, R. and Warth, V. and Glaude, P. A. and Fournet, R. and Battin-Leclerc, F.},
    number = {1},
    pages = {75--90},
    volume = {157},
    publisher = {The Combustion Institute.},
    url = {http://dx.doi.org/10.1016/j.combustflame.2009.06.022},
    doi = {10.1016/j.combustflame.2009.06.022},
    issn = {00102180},
    keywords = {Diesel fuel, Methane, Modeling, Premixed laminar flame, n-Propylcyclohexane}
}

@misc{LOGESOFT,
    title = {{LOGESOFT}},
    url = {https://logesoft.com}
}

@inproceedings{Valco2016LowMachine,
    title = {{Low temperature autoignition behavior of surrogate jet fuels with targeted properties in a rapid compression machine}},
    year = {2016},
    booktitle = {54th AIAA Aerospace Sciences Meeting},
    author = {Valco, Daniel and Min, Kyungwook and Oldani, Anna and Edwards, Tim and Lee, Tonghun},
    isbn = {9781624103933}
}

@article{Herbinet2013LowN-decane,
    title = {{Low temperature oxidation of benzene and toluene in mixture with n-decane}},
    year = {2013},
    journal = {Proceedings of the Combustion Institute},
    author = {Herbinet, Olivier and Husson, Benoit and Ferrari, Maude and Glaude, Pierre Alexandre and Battin-Leclerc, Frédérique},
    number = {1},
    pages = {297--305},
    volume = {34},
    publisher = {Elsevier Ltd},
    doi = {10.1016/j.proci.2012.06.005},
    issn = {15407489},
    keywords = {Benzene, Decane, Jet-stirred reactor, Low-temperature oxidation, Toluene}
}

@article{Herbinet2013LowN-decaneb,
    title = {{Low temperature oxidation of benzene and toluene in mixture with n-decane}},
    year = {2013},
    journal = {Proceedings of the Combustion Institute},
    author = {Herbinet, Olivier and Husson, Benoit and Ferrari, Maude and Glaude, Pierre Alexandre and Battin-Leclerc, Frédérique},
    number = {1},
    pages = {297--305},
    volume = {34},
    publisher = {Elsevier Ltd},
    doi = {10.1016/j.proci.2012.06.005},
    issn = {15407489},
    keywords = {Benzene, Decane, Jet-stirred reactor, Low-temperature oxidation, Toluene}
}

@article{Stagni2014LumpingCoupling,
    title = {{Lumping and Reduction of Detailed Kinetic Schemes: an Effective Coupling}},
    year = {2014},
    journal = {Industrial {\&} Engineering Chemistry Research},
    author = {Stagni, Alessandro and Cuoci, Alberto and Frassoldati, Alessio and Faravelli, Tiziano and Ranzi, Eliseo},
    number = {22},
    month = {6},
    pages = {9004--9016},
    volume = {53},
    publisher = {American Chemical Society},
    url = {https://doi.org/10.1021/ie403272f},
    doi = {10.1021/ie403272f},
    issn = {0888-5885}
}

@article{Ranzi2001LumpingMixtures,
    title = {{Lumping procedures in detailed kinetic modeling of gasification, pyrolysis, partial oxidation and combustion of hydrocarbon mixtures}},
    year = {2001},
    journal = {Progress in Energy and Combustion Science},
    author = {Ranzi, E. and Dente, M. and Goldaniga, A. and Bozzano, G. and Faravelli, T.},
    number = {1},
    pages = {99--139},
    volume = {27},
    doi = {10.1016/S0360-1285(00)00013-7},
    issn = {03601285},
    keywords = {combustion, kinetic modeling, lumping, pyrolysis}
}

@article{Dooley2010MethylModel,
    title = {{Methyl formate oxidation: Speciation data, laminar burning velocities, ignition delay times, and a validated chemical kinetic model}},
    year = {2010},
    journal = {International Journal of Chemical Kinetics},
    author = {Dooley, S. and Burke, M. P. and Chaos, M. and Stein, Y. and Dryer, F. L. and Zhukov, V. P. and Finch, O. and Simmie, J. M. and Curran, H. J.},
    number = {9},
    month = {9},
    pages = {527--549},
    volume = {42},
    doi = {10.1002/kin.20512},
    issn = {05388066}
}

@article{Pitz2005ModelingMachine,
    title = {{Modeling and experimental investigation of methylcyclohexane ignition in a rapid compression machine}},
    year = {2005},
    journal = {Fall Technical Meeting of the Western States Section of the Combustion Institute 2005, WSS/CI 2005 Fall Meeting},
    author = {Pitz, W. J. and Naik, C. V. and Ni Mhaold{\'{u}}in, T. and Curran, H. J. and Orme, J. P. and Simmie, J. M. and Westbrook, C. K.},
    pages = {1071--1079},
    volume = {2},
    isbn = {9781617827921},
    doi = {10.1016/j.proci.2006.08.041},
    issn = {15407489},
    keywords = {alkylperoxy isomerization, methylcyclohexane, rapid compression machine}
}

@article{Zeppieri2000ModelingPyrolysis,
    title = {{Modeling concepts for larger carbon number alkanes: A partially reduced skeletal mechanism for n-decane oxidation and pyrolysis}},
    year = {2000},
    journal = {Proceedings of the Combustion Institute},
    author = {Zeppieri, Stephen P. and Klotz, Stephen D. and Dryer, Frederick L.},
    number = {2},
    pages = {1587--1595},
    volume = {28},
    publisher = {Elsevier Ltd},
    issn = {15407489}
}

@article{Buda2006ModelingCyclohexane,
    title = {{Modeling of the gas-phase oxidation of cyclohexane}},
    year = {2006},
    journal = {Energy and Fuels},
    author = {Buda, Frédéric and Heyberger, Barbara and Fournet, René and Glaude, Pierre Alexandre and Warth, Valérie and Battin-Leclerc, Frédérique},
    number = {4},
    pages = {1450--1459},
    volume = {20},
    doi = {10.1021/ef060090e},
    issn = {08870624}
}

@article{Battin-Leclerc2000ModelingK,
    title = {{Modeling of the gas-phase oxidation of n-decane from 550 to 1600 K}},
    year = {2000},
    journal = {Proceedings of the Combustion Institute},
    author = {Battin-Leclerc, F. and Fournet, R. and A. Glaude, P. and Judenherc, B. and Warth, V. and C{\^{o}}me, G. M. and Scacchi, G.},
    issn = {15407489}
}

@article{Battin-Leclerc2000ModelingKb,
    title = {{Modeling of the gas-phase oxidation of n-decane from 550 to 1600 K}},
    year = {2000},
    journal = {Proceedings of the Combustion Institute},
    author = {Battin-Leclerc, F. and Fournet, R. and A. Glaude, P. and Judenherc, B. and Warth, V. and C{\^{o}}me, G. M. and Scacchi, G.},
    issn = {15407489}
}

@article{Mehl2012ModelingApproach,
    title = {{Modeling the combustion of high molecular weight fuels by a functional group approach}},
    year = {2012},
    journal = {International Journal of Chemical Kinetics},
    author = {Mehl, M. and Pitz, W. J. and Sarathy, S. M. and Westbrook, C. K.},
    doi = {10.1002/kin.20715},
    issn = {05388066}
}

@article{Wang2017Molecular-levelTemperature,
    title = {{Molecular-level modeling investigation of n-decane pyrolysis at high temperature}},
    year = {2017},
    journal = {Journal of Analytical and Applied Pyrolysis},
    author = {Wang, Yu and Zhao, Yao and Liang, Ce and Chen, Yu and Zhang, Qiyi and Li, Xiang Yuan},
    month = {11},
    pages = {412--422},
    volume = {128},
    publisher = {Elsevier B.V.},
    doi = {10.1016/j.jaap.2017.08.009},
    issn = {01652370},
    keywords = {High conversion, High temperature, Molecular-level model, Thermal cracking, n-Decane}
}

@techreport{EnergyInformationAdministration2019Monthly2019,
    title = {{Monthly Energy Review – April 2019}},
    year = {2019},
    author = {Energy Information Administration, Us},
    url = {www.eia.gov/mer},
    keywords = {biofuels, carbon emissions, coal, consumption, electricity, energy, energy prices, hydroelectric, international energy, natural gas, nuclear, overview, petroleum, renewable energy}
}

@article{Battin-Leclerc2011NewKetohydroperoxides,
    title = {{New experimental evidences about the formation and consumption of ketohydroperoxides}},
    year = {2011},
    journal = {Proceedings of the Combustion Institute},
    author = {Battin-Leclerc, Frédérique and Herbinet, Olivier and Glaude, Pierre Alexandre and Fournet, René and Zhou, Zhongyue and Deng, Liulin and Guo, Huijun and Xie, Mingfeng and Qi, Fei},
    doi = {10.1016/j.proci.2010.05.001},
    issn = {15407489},
    keywords = {Hydroperoxides, Jet-stirred reactor, Low-temperature oxidation, Molecular beam-mass spectrometry, n-Butane}
}

@article{Ranzi2015NewN-alkanes,
    title = {{New reaction classes in the kinetic modeling of low temperature oxidation of n-alkanes}},
    year = {2015},
    journal = {Combustion and Flame},
    author = {Ranzi, Eliseo and Cavallotti, Carlo and Cuoci, Alberto and Frassoldati, Alessio and Pelucchi, Matteo and Faravelli, Tiziano},
    doi = {10.1016/j.combustflame.2014.11.030},
    issn = {15562921},
    keywords = {Carbonyl-hydroperoxides, Detailed kinetics, Korcek mechanism, Low temperature oxidation mechanism, Oxidation of alkanes}
}

@article{Ranzi2015NewN-alkanesb,
    title = {{New reaction classes in the kinetic modeling of low temperature oxidation of n-alkanes}},
    year = {2015},
    journal = {Combustion and Flame},
    author = {Ranzi, Eliseo and Cavallotti, Carlo and Cuoci, Alberto and Frassoldati, Alessio and Pelucchi, Matteo and Faravelli, Tiziano},
    number = {5},
    month = {5},
    pages = {1679--1691},
    volume = {162},
    publisher = {Elsevier},
    url = {https://www.sciencedirect.com/science/article/pii/S0010218014003848?via%3Dihub},
    doi = {10.1016/J.COMBUSTFLAME.2014.11.030},
    issn = {0010-2180}
}

@article{Ayoobi2017Non-catalyticChemistry,
    title = {{Non-catalytic conversion of glycerol to syngas at intermediate temperatures: Numerical methods with detailed chemistry}},
    year = {2017},
    journal = {Fuel},
    author = {Ayoobi, Mohsen and Schoegl, Ingmar},
    month = {5},
    pages = {190--200},
    volume = {195},
    publisher = {Elsevier},
    url = {https://www.sciencedirect.com/science/article/pii/S001623611730073X?via%3Dihub#b0155},
    doi = {10.1016/J.FUEL.2017.01.065},
    issn = {0016-2361}
}

@article{Zehni2017NumericalKinetics,
    title = {{Numerical comparison of PCCI combustion and emission of diesel and biodiesel fuels at low load conditions using 3D-CFD models coupled with chemical kinetics}},
    year = {2017},
    journal = {Applied Thermal Engineering},
    author = {Zehni, Alborz and Khoshbakhti Saray, Rahim and Poorghasemi, Kamran},
    doi = {10.1016/j.applthermaleng.2016.09.056},
    issn = {13594311},
    keywords = {Biodiesel, CO, Diesel, PCCI, THC}
}

@article{Cuoci2013NumericalMethod,
    title = {{Numerical Modeling of Laminar Flames with Detailed Kinetics Based on the Operator-Splitting Method}},
    year = {2013},
    journal = {Energy {\&} Fuels},
    author = {Cuoci, Alberto and Frassoldati, Alessio and Faravelli, Tiziano and Ranzi, Eliseo},
    number = {12},
    month = {12},
    pages = {7730--7753},
    volume = {27},
    publisher = {American Chemical Society},
    url = {https://doi.org/10.1021/ef4016334},
    doi = {10.1021/ef4016334},
    issn = {0887-0624}
}

@article{Titova2011OnOxidation,
    title = {{On kinetic mechanisms of n-decane oxidation}},
    year = {2011},
    journal = {Combustion, Explosion, and Shock Waves},
    author = {Titova, N. S. and Torokhov, S. A. and Starik, A. M.},
    number = {2},
    month = {3},
    pages = {129--146},
    volume = {47},
    url = {http://link.springer.com/10.1134/S0010508211020018},
    doi = {10.1134/S0010508211020018},
    issn = {0010-5082},
    keywords = {combustion, heavy hydrocarbons, ignition, kinetic model, low-temperature mechanism}
}

@article{Titova2011OnOxidationb,
    title = {{On kinetic mechanisms of n-decane oxidation}},
    year = {2011},
    journal = {Combustion, Explosion and Shock Waves},
    author = {Titova, N. S. and Torokhov, S. A. and Starik, A. M.},
    number = {2},
    pages = {129--146},
    volume = {47},
    isbn = {0010508211020},
    doi = {10.1134/S0010508211020018},
    issn = {00105082},
    keywords = {combustion, heavy hydrocarbons, ignition, kinetic model, low-temperature mechanism}
}

@article{Weber2015OnMachine,
    title = {{On the uncertainty of temperature estimation in a rapid compression machine}},
    year = {2015},
    journal = {Combustion and Flame},
    author = {Weber, Bryan W. and Sung, Chih-Jen and Renfro, Michael W.},
    number = {6},
    month = {6},
    pages = {2518--2528},
    volume = {162},
    url = {https://linkinghub.elsevier.com/retrieve/pii/S0010218015000760},
    doi = {10.1016/j.combustflame.2015.03.001},
    issn = {00102180}
}

@article{Cuoci2015OpenSMOKE++:Mechanisms,
    title = {{OpenSMOKE++: An object-oriented framework for the numerical modeling of reactive systems with detailed kinetic mechanisms}},
    year = {2015},
    journal = {Computer Physics Communications},
    author = {Cuoci, A and Frassoldati, A and Faravelli, T and Ranzi, E},
    pages = {237 - 264},
    volume = {192},
    url = {http://www.sciencedirect.com/science/article/pii/S0010465515000715},
    doi = {https://doi.org/10.1016/j.cpc.2015.02.014},
    issn = {0010-4655},
    keywords = {Detailed kinetics, Flame, Ideal reactor, Sensitivity analysis, Stiff ODE}
}

@article{Dagaut2008OxidationStudy,
    title = {{Oxidation kinetics of butanol-gasoline surrogate mixtures in a jet-stirred reactor: Experimental and modeling study}},
    year = {2008},
    journal = {Fuel},
    author = {Dagaut, Philippe and Togb{\'{e}}, Casimir},
    isbn = {0016-2361},
    doi = {10.1016/j.fuel.2008.05.008},
    issn = {00162361},
    keywords = {Biofuels, Butanol, Gasoline, Kinetics, Oxidation}
}

@article{Timko2010ParticulateFuel,
    title = {{Particulate Emissions of Gas Turbine Engine Combustion of a Fischer−Tropsch Synthetic Fuel}},
    year = {2010},
    journal = {Energy {\&} Fuels},
    author = {Timko, M T and Yu, Z and Onasch, T B and Wong, H.-W. and Miake-Lye, R C and Beyersdorf, A J and Anderson, B E and Thornhill, K L and Winstead, E L and Corporan, E and DeWitt, M J and Klingshirn, C D and Wey, C and Tacina, K and Liscinsky, D S and Howard, R and Bhargava, A},
    number = {11},
    month = {11},
    pages = {5883--5896},
    volume = {24},
    publisher = {American Chemical Society},
    url = {https://doi.org/10.1021/ef100727t},
    doi = {10.1021/ef100727t},
    issn = {0887-0624}
}

@article{Ji2010PropagationFlames,
    title = {{Propagation and extinction of premixed C5-C12 n-alkane flames}},
    year = {2010},
    journal = {Combustion and Flame},
    author = {Ji, Chunsheng and Dames, Enoch and Wang, Yang L. and Wang, Hai and Egolfopoulos, Fokion N.},
    number = {2},
    pages = {277--287},
    volume = {157},
    publisher = {The Combustion Institute.},
    url = {http://dx.doi.org/10.1016/j.combustflame.2009.06.011},
    doi = {10.1016/j.combustflame.2009.06.011},
    issn = {00102180},
    keywords = {Flame extinction, Flame propagation, Kinetic mechanisms, Surrogate fuels, n-Alkanes}
}

@article{Glarborg1986PSR:Reactors,
    title = {{PSR: A Fortran Program for Modeling Well-Stirred Reactors}},
    year = {1986},
    journal = {Sandia National Laboratories: Livermore, CA},
    author = {Glarborg, P and Kee, R. J. and Grcar, J.F. and Miller, J. A.},
    number = {SAND86-8209}
}

@article{Susnow1997Rate-BasedSystems,
    title = {{Rate-Based Construction of Kinetic Models for Complex Systems}},
    year = {1997},
    journal = {The Journal of Physical Chemistry A},
    author = {Susnow, Roberta G and Dean, Anthony M and Green, William H and Peczak, P and Broadbelt, Linda J},
    number = {20},
    month = {5},
    pages = {3731--3740},
    volume = {101},
    publisher = {American Chemical Society},
    url = {https://doi.org/10.1021/jp9637690},
    doi = {10.1021/jp9637690},
    issn = {1089-5639}
}

@article{Elbahloul2015Rate-ControlledChemistry,
    title = {{Rate-Controlled Constrained Equilibrium (RCCE) simulations of turbulent partially premixed flames (Sandia D/E/F) and comparison with detailed chemistry}},
    year = {2015},
    journal = {Combustion and Flame},
    author = {Elbahloul, Salem and Rigopoulos, Stelios},
    number = {5},
    month = {5},
    pages = {2256--2271},
    volume = {162},
    publisher = {Elsevier},
    url = {https://www.sciencedirect.com/science/article/pii/S0010218015000358?via%3Dihub},
    doi = {10.1016/J.COMBUSTFLAME.2015.01.023},
    issn = {0010-2180}
}

@article{Keck1971Rate-controlledMixtures,
    title = {{Rate-controlled partial-equilibrium method for treating reacting gas mixtures}},
    year = {1971},
    journal = {Combustion and Flame},
    author = {Keck, James C. and Gillespie, David},
    number = {2},
    month = {10},
    pages = {237--241},
    volume = {17},
    publisher = {Elsevier},
    doi = {10.1016/S0010-2180(71)80166-9},
    issn = {00102180}
}

@article{Gao2016ReactionMechanisms,
    title = {{Reaction Mechanism Generator: Automatic construction of chemical kinetic mechanisms}},
    year = {2016},
    journal = {Computer Physics Communications},
    author = {Gao, Connie W. and Allen, Joshua W. and Green, William H. and West, Richard H.},
    month = {6},
    pages = {212--225},
    volume = {203},
    publisher = {North-Holland},
    url = {https://www.sciencedirect.com/science/article/pii/S0010465516300285},
    doi = {10.1016/J.CPC.2016.02.013},
    issn = {0010-4655}
}

@misc{Sarathy2018RecentFuels,
    title = {{Recent progress in gasoline surrogate fuels}},
    year = {2018},
    booktitle = {Progress in Energy and Combustion Science},
    author = {Sarathy, S. Mani and Farooq, Aamir and Kalghatgi, Gautam T.},
    volume = {65},
    doi = {10.1016/j.pecs.2017.09.004},
    issn = {03601285}
}

@misc{Pitz2011RecentFuels,
    title = {{Recent progress in the development of diesel surrogate fuels}},
    year = {2011},
    booktitle = {Progress in Energy and Combustion Science},
    author = {Pitz, William J. and Mueller, Charles J.},
    number = {3},
    month = {6},
    pages = {330--350},
    volume = {37},
    doi = {10.1016/j.pecs.2010.06.004},
    issn = {03601285},
    keywords = {Chemical kinetic model, Diesel surrogate fuel, Experimental validation data, Hydrocarbon fuels, Physical properties, Reduced mechanisms}
}

@article{Pitz2011RecentFuelsb,
    title = {{Recent progress in the development of diesel surrogate fuels}},
    year = {2011},
    journal = {Progress in Energy and Combustion Science},
    author = {Pitz, William J. and Mueller, Charles J.},
    number = {3},
    pages = {330--350},
    volume = {37},
    publisher = {Elsevier Ltd},
    url = {http://dx.doi.org/10.1016/j.pecs.2010.06.004},
    doi = {10.1016/j.pecs.2010.06.004},
    issn = {03601285},
    keywords = {Chemical kinetic model, Diesel surrogate fuel, Experimental validation data, Hydrocarbon fuels, Physical properties, Reduced mechanisms}
}

@article{Manley2008ResearchEngines,
    title = {{Research needs for future internal combustion engines}},
    year = {2008},
    journal = {Physics Today},
    author = {Manley, Dawn Kataoka and Mcilroy, Andrew and Taatjes, Craig A},
    number = {11},
    pages = {47--52},
    volume = {61},
    url = {http://www.sc.doe.gov/},
    doi = {10.1063/1.3027991}
}

@techreport{ReviewDocument,
    title = {{Review of the Primary National Ambient Air Quality Standards for Nitrogen Dioxide: Risk and Exposure Assessment Planning Document}}
}

@article{Bugler2015RevisitingIsomers,
    title = {{Revisiting the Kinetics and Thermodynamics of the Low-Temperature Oxidation Pathways of Alkanes: A Case Study of the Three Pentane Isomers}},
    year = {2015},
    journal = {Journal of Physical Chemistry A},
    author = {Bugler, John and Somers, Kieran P. and Silke, Emma J. and Curran, Henry J.},
    month = {0},
    doi = {10.1021/acs.jpca.5b00837},
    issn = {15205215}
}

@article{Bugler2015RevisitingIsomersb,
    title = {{Revisiting the Kinetics and Thermodynamics of the Low-Temperature Oxidation Pathways of Alkanes: A Case Study of the Three Pentane Isomers}},
    year = {2015},
    journal = {Journal of Physical Chemistry A},
    author = {Bugler, John and Somers, Kieran P. and Silke, Emma J. and Curran, Henry J.},
    doi = {10.1021/acs.jpca.5b00837},
    issn = {15205215}
}

@misc{RoleOSTI.GOV,
    title = {{Role of aromatics in soot formation (Conference) | OSTI.GOV}},
    url = {https://www.osti.gov/biblio/6841466-role-aromatics-soot-formation}
}

@article{Jocher2019ScalabilityGeneration,
    title = {{Scalability strategies for automated reaction mechanism generation}},
    year = {2019},
    journal = {Computers {\&} Chemical Engineering},
    author = {Jocher, Agnes and Vandewiele, Nick M. and Han, Kehang and Liu, Mengjie and Gao, Connie W. and Gillis, Ryan J. and Green, William H.},
    month = {9},
    pages = {106578},
    publisher = {Pergamon},
    url = {https://www.sciencedirect.com/science/article/pii/S0098135419306179},
    doi = {10.1016/J.COMPCHEMENG.2019.106578},
    issn = {0098-1354}
}

@article{Pfahl1996Self-ignitionConditions,
    title = {{Self-ignition of diesel-relevant hydrocarbon-air mixtures under engine conditions}},
    year = {1996},
    journal = {Symposium (International) on Combustion},
    author = {Pfahl, U. and Fieweger, K. and Adomeit, G.},
    pages = {781--789},
    volume = {1},
    issn = {00820784}
}

@article{Fieweger1997Self-ignitionPressure,
    title = {{Self-ignition of S.I. engine model fuels: A shock tube investigation at high pressure}},
    year = {1997},
    journal = {Combustion and Flame},
    author = {Fieweger, K. and Blumenthal, R. and Adomeit, G.},
    number = {4},
    pages = {599--619},
    volume = {109},
    doi = {10.1016/S0010-2180(97)00049-7},
    issn = {00102180}
}

@techreport{Fieweger1997Self-IgnitionPressureb,
    title = {{Self-Ignition of S.I. Engine Model Fuels: A Shock Tube Investigation at High Pressure}},
    year = {1997},
    author = {Fieweger, K and Blumenthal, R and Adomeit, G}
}

@article{Rabitz1983SensitivityKinetics,
    title = {{Sensitivity Analysis in Chemical Kinetics}},
    year = {1983},
    journal = {Annual Review of Physical Chemistry},
    author = {Rabitz, H and Kramer, M and Dacol, D},
    number = {1},
    month = {10},
    pages = {419--461},
    volume = {34},
    publisher = {Annual Reviews},
    url = {http://www.annualreviews.org/doi/10.1146/annurev.pc.34.100183.002223},
    doi = {10.1146/annurev.pc.34.100183.002223},
    issn = {0066-426X}
}

@misc{Turanyi1990SensitivityApplications,
    title = {{Sensitivity analysis of complex kinetic systems. Tools and applications}},
    year = {1990},
    booktitle = {Journal of Mathematical Chemistry},
    author = {Tur{\'{a}}nyi, Tamás},
    number = {3},
    month = {9},
    pages = {203--248},
    volume = {5},
    publisher = {Kluwer Academic Publishers},
    doi = {10.1007/BF01166355},
    issn = {02599791},
    keywords = {Math. Applications in Chemistry, Physical Chemistry, Theoretical and Computational Chemistry}
}

@article{Gauthier2004ShockMixtures,
    title = {{Shock tube determination of ignition delay times in full-blend and surrogate fuel mixtures}},
    year = {2004},
    journal = {Combustion and Flame},
    author = {Gauthier, B. M. and Davidson, D. F. and Hanson, R. K.},
    number = {4},
    month = {12},
    pages = {300--311},
    volume = {139},
    doi = {10.1016/j.combustflame.2004.08.015},
    issn = {00102180},
    keywords = {Gasoline, Gasoline surrogate, Ignition times, Shock tube, n-Heptane}
}

@article{Gauthier2004ShockMixturesb,
    title = {{Shock tube determination of ignition delay times in full-blend and surrogate fuel mixtures}},
    year = {2004},
    journal = {Combustion and Flame},
    author = {Gauthier, B. M. and Davidson, D. F. and Hanson, R. K.},
    doi = {10.1016/j.combustflame.2004.08.015},
    issn = {00102180},
    keywords = {Gasoline, Gasoline surrogate, Ignition times, Shock tube, n-Heptane}
}

@article{Gauthier2004ShockMixturesc,
    title = {{Shock tube determination of ignition delay times in full-blend and surrogate fuel mixtures}},
    year = {2004},
    journal = {Combustion and Flame},
    author = {Gauthier, B. M. and Davidson, D. F. and Hanson, R. K.},
    doi = {10.1016/j.combustflame.2004.08.015},
    issn = {00102180},
    keywords = {Gasoline, Gasoline surrogate, Ignition times, Shock tube, n-Heptane}
}

@article{Hippler1990ShockK,
    title = {{Shock wave study of the reaction HO <sub>2</sub> +HO <sub>2</sub> →H <sub>2</sub> O <sub>2</sub> +O <sub>2</sub> : Confirmation of a rate constant minimum near 700 K}},
    year = {1990},
    journal = {The Journal of Chemical Physics},
    author = {Hippler, H. and Troe, J. and Willner, J.},
    number = {3},
    month = {8},
    pages = {1755--1760},
    volume = {93},
    url = {http://aip.scitation.org/doi/10.1063/1.459102},
    doi = {10.1063/1.459102},
    issn = {0021-9606}
}

@article{Fieweger1994Shock-tubePressures,
    title = {{Shock-tube investigations on the self-ignition of hydrocarbon-air mixtures at high pressures}},
    year = {1994},
    journal = {Symposium (International) on Combustion},
    author = {Fieweger, K and Blumenthal, R and Adomeit, G},
    number = {1},
    pages = {1579--1585},
    volume = {25},
    url = {http://www.sciencedirect.com/science/article/pii/S0082078406808039},
    doi = {https://doi.org/10.1016/S0082-0784(06)80803-9},
    issn = {0082-0784}
}

@article{Schulz1999ShortSynthesis,
    title = {{Short history and present trends of Fischer-Tropsch synthesis}},
    year = {1999},
    journal = {Applied Catalysis A: General},
    author = {Schulz, Hans},
    number = {1-2},
    month = {10},
    pages = {3--12},
    volume = {186},
    publisher = {Elsevier},
    doi = {10.1016/S0926-860X(99)00160-X},
    issn = {0926860X},
    keywords = {Fischer-Tropsch synthesis, History, Present trends}
}

@inproceedings{Som2011SimulatingModel,
    title = {{Simulating flame lift-off characteristics of diesel and biodiesel fuels using detailed chemical-kinetic mechanisms and les turbulence model}},
    year = {2011},
    booktitle = {American Society of Mechanical Engineers, Internal Combustion Engine Division (Publication) ICE},
    author = {Som, Sibendu and Longman, Douglas E. and Luo, Zhaoyu and Plomer, Max and Lu, Tianfeng and Senecal, Peter K. and Pomraning, Eric},
    isbn = {9780791844427},
    doi = {10.1115/ICEF2011-60051},
    issn = {10665048}
}

@article{Niemeyer2010SkeletalAnalysis,
    title = {{Skeletal mechanism generation for surrogate fuels using directed relation graph with error propagation and sensitivity analysis}},
    year = {2010},
    journal = {Combustion and Flame},
    author = {Niemeyer, Kyle E. and Sung, Chih Jen and Raju, Mandhapati P.},
    number = {9},
    month = {9},
    pages = {1760--1770},
    volume = {157},
    publisher = {Elsevier},
    doi = {10.1016/j.combustflame.2009.12.022},
    issn = {00102180},
    arxivId = {1607.05079},
    keywords = {Directed relation graph, Iso-octane, Mechanism reduction, N-decane, N-heptane, Skeletal mechanism, Surrogate fuels}
}

@article{Kulp2012StructuralMSL,
    title = {{Structural informatics, modeling, and design with an open-source Molecular Software Library (MSL)}},
    year = {2012},
    journal = {Journal of Computational Chemistry},
    author = {Kulp, Daniel W. and Subramaniam, Sabareesh and Donald, Jason E. and Hannigan, Brett T. and Mueller, Benjamin K. and Grigoryan, Gevorg and Senes, Alessandro},
    isbn = {1096-987X (Electronic){\textbackslash}r0192-8651 (Linking)},
    doi = {10.1002/jcc.22968},
    issn = {01928651},
    pmid = {22565567},
    keywords = {conformer library, docking, molecular modeling, protein design, rotamer library, side chain optimization, structure prediction}
}

@article{Sankaran2007StructureFlame,
    title = {{Structure of a spatially developing turbulent lean methane-air Bunsen flame}},
    year = {2007},
    journal = {Proceedings of the Combustion Institute},
    author = {Sankaran, Ramanan and Hawkes, Evatt R. and Chen, Jacqueline H. and Lu, Tianfeng and Law, Chung K.},
    number = {1},
    month = {1},
    pages = {1291--1298},
    volume = {31 I},
    publisher = {Elsevier Ltd},
    doi = {10.1016/j.proci.2006.08.025},
    issn = {15407489},
    keywords = {DNS, Flame structure, Premixed, Thin reaction zone, Turbulent combustion}
}

@article{Horning2002StudyMixtures,
    title = {{Study of the high-temperature autoignition of n-alkane/O2/Ar mixtures}},
    year = {2002},
    journal = {Journal of Propulsion and Power},
    author = {Horning, D. C. and Davidson, D. F. and Hanson, R. K.},
    doi = {10.2514/2.5942},
    issn = {07484658}
}

@article{Huber2008SurrogateCurve,
    title = {{Surrogate Mixture Model for the Thermophysical Properties of Synthetic Aviation Fuel S-8: Explicit Application of the Advanced Distillation Curve}},
    year = {2008},
    journal = {Energy {\&} Fuels},
    author = {Huber, M L and Smith, B L and Ott, L S and Bruno, T J},
    number = {2},
    month = {3},
    pages = {1104--1114},
    volume = {22},
    publisher = {American Chemical Society},
    url = {https://doi.org/10.1021/ef700562c},
    doi = {10.1021/ef700562c},
    issn = {0887-0624}
}

@article{Edwards2001SurrogateFuels,
    title = {{Surrogate mixtures to represent complex aviation and rocket fuels}},
    year = {2001},
    journal = {Journal of Propulsion and Power},
    author = {Edwards, T. and Maurice, L. Q.},
    number = {2},
    pages = {461--466},
    volume = {17},
    publisher = {American Inst. Aeronautics and Astronautics Inc.},
    doi = {10.2514/2.5765},
    issn = {07484658}
}

@article{Wong2003TemperatureLimit,
    title = {{Temperature and Molecular Size Dependence of the High-Pressure Limit}},
    year = {2003},
    journal = {The Journal of Physical Chemistry A},
    author = {Wong, Bryan M. and Matheu, David M. and Green, William H.},
    number = {32},
    month = {8},
    pages = {6206--6211},
    volume = {107},
    url = {https://pubs.acs.org/doi/10.1021/jp034165g},
    doi = {10.1021/jp034165g},
    issn = {1089-5639}
}

@article{Wong2003TemperatureLimitb,
    title = {{Temperature and molecular size dependence of the high-pressure limit}},
    year = {2003},
    journal = {Journal of Physical Chemistry A},
    author = {Wong, Bryan M. and Matheu, David M. and Green, William H.},
    number = {32},
    month = {8},
    pages = {6206--6211},
    volume = {107},
    doi = {10.1021/jp034165g},
    issn = {10895639}
}

@inproceedings{Dagaut2015TheStudy,
    title = {{The Combustion of Synthetic Jet Fuels (Gas to Liquid and Coal to Liquid) and Multi-Component Surrogates: Experimental and Modeling Study}},
    year = {2015},
    booktitle = {Volume 3: Coal, Biomass and Alternative Fuels; Cycle Innovations; Electric Power; Industrial and Cogeneration},
    author = {Dagaut, Philippe and Dayma, Guillaume and Karsenty, Florent and Serinyel, Zeynep},
    month = {6},
    volume = {3},
    publisher = {American Society of Mechanical Engineers},
    url = {https://asmedigitalcollection.asme.org/GT/proceedings/GT2015/56673/Montreal, Quebec, Canada/236698},
    isbn = {978-0-7918-5667-3},
    doi = {10.1115/GT2015-42004}
}

@techreport{GardinerTheChemistry,
    title = {{The GRI-Mech TM Model for Natural Gas Combustion and NO Formation and Removal Chemistry}},
    author = {Gardiner, W C and Lissianski, V V and Qin, Z and Smith, G P and Golden, D M and Frenklach, M and Eiteneer, B and Goldenberg, M and Moriarty, N W and Bowman, C T and Hanson, R K and Song, S and Schmidt, C C and Serauskas, R V},
    url = {http://www.me.berkeley.edu/gri_mech/.},
    keywords = {chemical kinetics, combustion, flames, ignition}
}

@misc{Dagaut2006TheModeling,
    title = {{The ignition, oxidation, and combustion of kerosene: A review of experimental and kinetic modeling}},
    year = {2006},
    booktitle = {Progress in Energy and Combustion Science},
    author = {Dagaut, Philippe and Cathonnet, Michel},
    number = {1},
    pages = {48--92},
    volume = {32},
    doi = {10.1016/j.pecs.2005.10.003},
    issn = {03601285},
    keywords = {Combustion, Ignition, Kerosene, Kinetics, Modeling, Oxidation, Surrogate}
}

@article{Mati2007TheModeling,
    title = {{The oxidation of a diesel fuel at 1–10atm: Experimental study in a JSR and detailed chemical kinetic modeling}},
    year = {2007},
    journal = {Proceedings of the Combustion Institute},
    author = {Mati, Karim and Ristori, Alain and Ga{\"{i}}l, Sandro and Pengloan, Gaëlle and Dagaut, Philippe},
    number = {2},
    pages = {2939--2946},
    volume = {31},
    url = {http://www.sciencedirect.com/science/article/pii/S1540748906000903},
    doi = {https://doi.org/10.1016/j.proci.2006.07.073},
    issn = {1540-7489},
    keywords = {Diesel, JSR, Kinetic modeling, Surrogate}
}

@article{Ristori2001TheModeling,
    title = {{The oxidation of N-propylcyclohexane: Experimental results and kinetic modeling}},
    year = {2001},
    journal = {Combustion Science and Technology},
    author = {Ristori, A. and Dagaut, P. and El Bakali, A. and Cathonnet, M.},
    doi = {10.1080/00102200108935832},
    issn = {00102202},
    keywords = {Cycloalkanes, Hydrocarbon, Kinetics, Modeling, N-propylcycloh exane, Oxidation, Soot}
}

@article{Fischer2000TheReactors,
    title = {{The reaction kinetics of dimethyl ether. I: High-temperature pyrolysis and oxidation in flow reactors}},
    year = {2000},
    journal = {International Journal of Chemical Kinetics},
    author = {Fischer, S L and Dryer, F L and Curran, H J},
    number = {12},
    month = {1},
    pages = {713--740},
    volume = {32},
    publisher = {John Wiley {\&} Sons, Ltd},
    url = {https://doi.org/10.1002/1097-4601(2000)32:12<713::AID-KIN1>3.0.CO 2-9},
    doi = {10.1002/1097-4601(2000)32:12<713::AID-KIN1>3.0.CO;2-9},
    issn = {0538-8066}
}

@article{Pan2016ThePressures,
    title = {{The role of low temperature chemistry in combustion mode development under elevated pressures}},
    year = {2016},
    journal = {Combustion and Flame},
    author = {Pan, Jiaying and Wei, Haiqiao and Shu, Gequn and Chen, Zheng and Zhao, Peng},
    pages = {179--193},
    volume = {174},
    publisher = {Elsevier Inc.},
    doi = {10.1016/j.combustflame.2016.09.012},
    issn = {15562921},
    keywords = {Auto-ignition, Cool flame, Knocking intensity, Livengood–Wu integral, Negative Temperature Coefficient (NTC), Spontaneous propagation}
}

@article{Greene1964TheR.,
    title = {{The shock tube in high-temperature chemical physics (Gaydon, A. G.; Hurle, I. R.)}},
    year = {1964},
    journal = {Journal of Chemical Education},
    author = {Greene, E. F.},
    number = {2},
    month = {2},
    pages = {114},
    volume = {41},
    publisher = {American Chemical Society (ACS)},
    doi = {10.1021/ed041p114.3},
    issn = {0021-9584},
    keywords = {Book and Media Reviews, Gases, Physical Chemistry, Textbooks / Reference Books, Upper-Division Undergraduate}
}

@article{Li2017TheoreticalC2H4,
    title = {{Theoretical kinetics of O + C2H4}},
    year = {2017},
    journal = {Proceedings of the Combustion Institute},
    author = {Li, Xiaohu and Jasper, Ahren W. and Z{\'{a}}dor, Judit and Miller, James A. and Klippenstein, Stephen J.},
    number = {1},
    month = {1},
    pages = {219--227},
    volume = {36},
    publisher = {Elsevier Ltd},
    doi = {10.1016/j.proci.2016.06.053},
    issn = {15407489},
    keywords = {Cvetanovi{\'{c}}, Non-adiabatic transition state theory, RRKM}
}

@inproceedings{Yu2016TheoreticalFuel,
    title = {{Theoretical prediction of laminar burning speed and ignition delay of gas to liquid fuel}},
    year = {2016},
    booktitle = {ASME International Mechanical Engineering Congress and Exposition, Proceedings (IMECE)},
    author = {Yu, Guangying and Askari, Omid and Hadi, Fatemeh and Wang, Ziyu and Metghalchi, Hameed and Kannaiyan, Kumaran and Sadr, Reza},
    volume = {6A-2016},
    publisher = {American Society of Mechanical Engineers (ASME)},
    isbn = {9780791850589},
    doi = {10.1115/IMECE201665440},
    keywords = {Detailed kinetic model, Gas to liquid, Ignition delay time, Laminar burning speed, Numerical simulation}
}

@article{Wijaya2003ThermodynamicRadicals,
    title = {{Thermodynamic properties and kinetic parameters for cyclic ether formation from hydroperoxyalkyl radicals}},
    year = {2003},
    journal = {Journal of Physical Chemistry A},
    author = {Wijaya, Catherina D. and Sumathi, Raman and Green, William H.},
    doi = {10.1021/jp027471n},
    issn = {10895639}
}

@article{Wang2016ThirdN-alkanes,
    title = {{Third O2 addition reactions promote the low-temperature auto-ignition of n-alkanes}},
    year = {2016},
    journal = {Combustion and Flame},
    author = {Wang, Zhandong and Sarathy, S. Mani},
    month = {3},
    pages = {364--372},
    volume = {165},
    publisher = {Elsevier Inc.},
    url = {https://linkinghub.elsevier.com/retrieve/pii/S0010218015004630},
    doi = {10.1016/j.combustflame.2015.12.020},
    issn = {00102180},
    keywords = {Alternative isomerization, Atmospheric oxidation, Auto-oxidation, Chain branching, Peroxy chemistry}
}

@article{Machrafi2008Three-stageInvestigation,
    title = {{Three-stage autoignition of gasoline in an HCCI engine: An experimental and chemical kinetic modeling investigation}},
    year = {2008},
    journal = {Combustion and Flame},
    author = {Machrafi, Hatim and Cavadias, Simeon},
    doi = {10.1016/j.combustflame.2008.04.022},
    issn = {00102180},
    keywords = {Combustion, HCCI engine, Kinetic mechanism, Obstructed preignition, Three-stage autoignition of gasoline}
}

@article{Tekawade2016Time-resolvedN-dodecane,
    title = {{Time-resolved carbon monoxide measurements during the low- to intermediate-temperature oxidation of n-heptane, n-decane, and n-dodecane}},
    year = {2016},
    journal = {Combustion and Flame},
    author = {Tekawade, Aniket and Kosiba, Graham and Oehlschlaeger, Matthew A.},
    doi = {10.1016/j.combustflame.2016.08.009},
    issn = {15562921},
    keywords = {Carbon monoxide (CO), First-stage ignition delay, Oxidation, Shock tube, n-decane, n-dodecane, n-heptane}
}

@article{Messerly2020TowardsRatio,
    title = {{Towards quantitative prediction of ignition-delay-time sensitivity on fuel-to-air equivalence ratio}},
    year = {2020},
    journal = {Combustion and Flame},
    author = {Messerly, Richard A. and Rahimi, Mohammad J. and St. John, Peter C. and Luecke, Jon H. and Park, Ji Woong and Huq, Nabila A. and Foust, Thomas D. and Lu, Tianfeng and Zigler, Bradley T. and McCormick, Robert L. and Kim, Seonah},
    month = {4},
    pages = {103--115},
    volume = {214},
    publisher = {Elsevier Inc.},
    doi = {10.1016/j.combustflame.2019.12.019},
    issn = {15562921},
    keywords = {Kinetic mechanisms, Machine learning, Uncertainty quantification, ϕ-sensitivity}
}

@article{Boogaard2017ToxicologicalToxicology,
    title = {{Toxicological and ecotoxicological properties of gas-to-liquid (GTL) products. 1. Mammalian toxicology}},
    year = {2017},
    journal = {Critical Reviews in Toxicology},
    author = {Boogaard, Peter J and Carrillo, Juan-Carlos and Roberts, Linda G and Whale, Graham F},
    number = {2},
    month = {2},
    pages = {121--144},
    volume = {47},
    publisher = {Taylor {\&} Francis},
    url = {https://doi.org/10.1080/10408444.2016.1214676},
    doi = {10.1080/10408444.2016.1214676},
    issn = {1040-8444}
}

@misc{Whale2018ToxicologicalEcotoxicology,
    title = {{Toxicological and ecotoxicological properties of gas-to-liquid (GTL) products. 2. Ecotoxicology}},
    year = {2018},
    booktitle = {Critical Reviews in Toxicology},
    author = {Whale, Graham F. and Dawick, James and Hughes, Christopher B. and Lyon, Delina and Boogaard, Peter J.},
    number = {4},
    month = {4},
    pages = {273--296},
    volume = {48},
    publisher = {Taylor and Francis Ltd},
    doi = {10.1080/10408444.2017.1408567},
    issn = {15476898},
    keywords = {Fischer–Tropsch, Gas-to-liquid, aquatic toxicity, base oil, ecotoxicology, environmental hazard, fuel, sediment toxicity, soil toxicity, solvents}
}

@misc{U.S.EIA,
    title = {{U.S. energy facts explained - consumption and production - U.S. Energy Information Administration (EIA)}},
    url = {https://www.eia.gov/energyexplained/us-energy-facts/}
}

@techreport{EnergyInformationAdministration2018U.S.2017,
    title = {{U.S. Energy-Related Carbon Dioxide Emissions, 2017}},
    year = {2018},
    author = {Energy Information Administration, Us},
    url = {www.eia.gov}
}

@article{Arrhenius1889UberElektrolyte,
    title = {{{\"{U}}ber die Dissociationsw{\"{a}}rme und den Einfluss der Temperatur auf den Dissociationsgrad der Elektrolyte}},
    year = {1889},
    journal = {Zeitschrift f{\"{u}}r Physikalische Chemie},
    author = {Arrhenius, Svante},
    number = {1},
    pages = {96--116},
    volume = {4U},
    publisher = {De Gruyter},
    url = {https://www.degruyter.com/view/journals/zpch/4U/1/article-p96.xml},
    address = {Berlin, Boston},
    doi = {https://doi.org/10.1515/zpch-1889-0408},
    language = {English}
}

@article{Kooij1893UberPhosphorwasserstoffs,
    title = {{{\"{U}}ber die Zersetzung des gasf{\"{o}}rmigen Phosphorwasserstoffs}},
    year = {1893},
    journal = {Zeitschrift f{\"{u}}r Physikalische Chemie},
    author = {Kooij, D M},
    number = {1},
    pages = {155--161},
    volume = {12U},
    publisher = {De Gruyter},
    url = {https://www.degruyter.com/view/journals/zpch/12U/1/article-p155.xml},
    address = {Berlin, Boston},
    doi = {https://doi.org/10.1515/zpch-1893-1214},
    language = {English}
}

@article{Merchant2015UnderstandingPropane,
    title = {{Understanding low-temperature first-stage ignition delay: Propane}},
    year = {2015},
    journal = {Combustion and Flame},
    author = {Merchant, Shamel S. and Goldsmith, C. Franklin and Vandeputte, Aäron G. and Burke, Michael P. and Klippenstein, Stephen J. and Green, William H.},
    number = {10},
    month = {10},
    pages = {3658--3673},
    volume = {162},
    publisher = {Elsevier},
    url = {https://www.sciencedirect.com/science/article/pii/S0010218015002060},
    doi = {10.1016/J.COMBUSTFLAME.2015.07.005},
    issn = {0010-2180}
}

@article{Levy1982UnresolvedCombustion,
    title = {{Unresolved problems in SOx, NOx, soot control in combustion}},
    year = {1982},
    journal = {Symposium (International) on Combustion},
    author = {Levy, Arthur},
    number = {1},
    month = {1},
    pages = {1223--1242},
    volume = {19},
    publisher = {Elsevier},
    url = {https://www.sciencedirect.com/science/article/pii/S0082078482802993},
    doi = {10.1016/S0082-0784(82)80299-3},
    issn = {0082-0784}
}

@article{Chiesa2005UsingFuel,
    title = {{Using Hydrogen as Gas Turbine Fuel}},
    year = {2005},
    journal = {Journal of Engineering for Gas Turbines and Power},
    author = {Chiesa, Paolo and Lozza, Giovanni and Mazzocchi, Luigi},
    isbn = {0-7918-3686-X},
    doi = {10.1115/1.1787513},
    issn = {07424795}
}

@inproceedings{Puduppakkam2010ValidationFuels,
    title = {{Validation studies of a detailed kinetics mechanism for diesel and gasoline surrogate fuels}},
    year = {2010},
    booktitle = {SAE Technical Papers},
    author = {Puduppakkam, Karthik V. and Naik, Chitralkumar V. and Wang, Cheng and Meeks, Ellen},
    doi = {10.4271/2010-01-0545}
}

@article{Chen2017ViolationModels,
    title = {{Violation of collision limit in recently published reaction models}},
    year = {2017},
    journal = {Combustion and Flame},
    author = {Chen, Dongping and Wang, Kun and Wang, Hai},
    number = {September},
    pages = {208--210},
    volume = {186},
    publisher = {Elsevier Inc.},
    url = {http://dx.doi.org/10.1016/j.combustflame.2017.08.005},
    doi = {10.1016/j.combustflame.2017.08.005},
    issn = {15562921}
}

@article{Ranzi2005Wide-rangeN-alkanes,
    title = {{Wide-range kinetic modeling study of the pyrolysis, partial oxidation, and combustion of heavy n-alkanes}},
    year = {2005},
    journal = {Industrial and Engineering Chemistry Research},
    author = {Ranzi, Eliseo and Frassoldati, Alessio and Granata, Silvia and Faravelli, Tiziano},
    doi = {10.1021/ie049318g},
    issn = {08885885}
}

@article{Arrhenius1896XXXI.Ground,
    title = {{XXXI. On the influence of carbonic acid in the air upon the temperature of the ground}},
    year = {1896},
    journal = {The London, Edinburgh, and Dublin Philosophical Magazine and Journal of Science},
    author = {Arrhenius, Prof. Svante},
    number = {251},
    pages = {237--276},
    volume = {41},
    publisher = {Taylor {\&} Francis},
    url = {https://doi.org/10.1080/14786449608620846},
    doi = {10.1080/14786449608620846}
}