@article{Askari2016,
    title = {{Auto-Ignition Characteristics Study of Gas-to-Liquid Fuel at High Pressures and Low Temperatures}},
    year = {2016},
    journal = {Journal of Energy Resources Technology},
    author = {Askari, Omid and Elia, Mimmo and Ferrari, Matthew and Metghalchi, Hameed},
    number = {1},
    pages = {012204},
    volume = {139},
    doi = {10.1115/1.4033983},
    issn = {0195-0738},
    keywords = {chemical kinetics mechanism, delay time, gtl, ignition, onset of auto-ignition, pressure rise, spherical chamber, syntroleum s-8}
}


@article{Wang2012,
    title = {{Autoignition studies of conventional and Fischer-Tropsch jet fuels}},
    year = {2012},
    journal = {Fuel},
    author = {Wang, Haowei and Oehlschlaeger, Matthew A.},
    pages = {249--258},
    volume = {98},
    publisher = {Elsevier Ltd},
    url = {http://dx.doi.org/10.1016/j.fuel.2012.03.041},
    doi = {10.1016/j.fuel.2012.03.041},
    issn = {00162361},
    keywords = {Autoignition, Jet fuels, Shock tube}
}



@article{Curran2002AOxidation,
    title = {{A comprehensive modeling study of iso-octane oxidation}},
    year = {2002},
    journal = {Combustion and Flame},
    author = {Curran, H. J. and Gaffuri, P. and Pitz, W. J. and Westbrook, C. K.},
    doi = {10.1016/S0010-2180(01)00373-X},
    issn = {00102180}
}

@article{Jahangirian2012APressures,
    title = {{A detailed experimental and kinetic modeling study of n-decane oxidation at elevated pressures}},
    year = {2012},
    journal = {Combustion and Flame},
    author = {Jahangirian, Saeed and Dooley, Stephen and Haas, Francis M. and Dryer, Frederick L.},
    doi = {10.1016/j.combustflame.2011.07.002},
    issn = {15562921},
    keywords = {Combustion, Flow reactor, Oxidation, Surrogate fuels, n-Alkane, n-Decane}
}


@article{Zhukov2008AutoignitionPressure,
    title = {{Autoignition of n-decane at high pressure}},
    year = {2008},
    journal = {Combustion and Flame},
    author = {Zhukov, Victor P. and Sechenov, Vladislav A. and Starikovskii, Andrey Yu},
    number = {1-2},
    month = {4},
    pages = {130--136},
    volume = {153},
    doi = {10.1016/j.combustflame.2007.09.006},
    issn = {00102180},
    keywords = {Autoignition, Decane, Kinetic mechanism, Shock tube}
}

@article{Yu2016,
    title = {{Theoretical Prediction of Laminar Burning Speed and Ignition Delay Time of Gas-to-Liquid Fuel}},
    year = {2016},
    journal = {Journal of Energy Resources Technology},
    author = {Yu, Guangying and Askari, Omid and Hadi, Fatemeh and Wang, Ziyu and Metghalchi, Hameed and Kannaiyan, Kumaran and Sadr, Reza},
    number = {2},
    pages = {022202},
    volume = {139},
    url = {http://energyresources.asmedigitalcollection.asme.org/article.aspx?doi=10.1115/1.4033984},
    doi = {10.1115/1.4033984},
    issn = {0195-0738},
    keywords = {chemical, detailed kinetics model, experimental data, gas-to-liquid, ignition delay time, laminar burning speed, mechanism, theoretical prediction}
}

@article{Dagaut2014,
    title = {{Experimental and detailed kinetic model for the oxidation of a Gas to Liquid (GtL) jet fuel}},
    year = {2014},
    journal = {Combustion and Flame},
    author = {Dagaut, Philippe and Karsenty, Florent and Dayma, Guillaume and Di{\'{e}}vart, Pascal and Hadj-Ali, Kamal and Mz{\'{e}}-Ahmed, Amir and Braun-Unkhoff, Marina and Herzler, JÃ¼rgen and Kathrotia, Trupti and Kick, Thomas and Naumann, Clemens and Riedel, Uwe and Thomas, Levi},
    number = {3},
    pages = {835--847},
    volume = {161},
    publisher = {The Combustion Institute.},
    url = {http://dx.doi.org/10.1016/j.combustflame.2013.08.015},
    doi = {10.1016/j.combustflame.2013.08.015},
    issn = {00102180},
    keywords = {Flame speed, Ignition delay, Jet fuel, Jet-stirred reactor, Kinetic modeling, Shock tube}
}

@article{Ranzi1997AOxidation,
    title = {{A wide-range modeling study of iso-octane oxidation}},
    year = {1997},
    journal = {Combustion and Flame},
    author = {Ranzi, Eliseo and Faravelli, Tiziano and Gaffuri, Paolo and Sogaro, Angelo and D'Anna, Andrea and Ciajolo, Anna},
    doi = {10.1016/S0010-2180(95)00274-X},
    issn = {00102180}
}

@article{Naik2011DetailedFuels,
    title = {{Detailed chemical kinetic mechanism for surrogates of alternative jet fuels}},
    year = {2011},
    journal = {Combustion and Flame},
    author = {Naik, Chitralkumar V. and Puduppakkam, Karthik V. and Modak, Abhijit and Meeks, Ellen and Wang, Yang L. and Feng, Qiyao and Tsotsis, Theodore T.},
    number = {3},
    pages = {434--445},
    volume = {158},
    publisher = {The Combustion Institute.},
    url = {http://dx.doi.org/10.1016/j.combustflame.2010.09.016},
    doi = {10.1016/j.combustflame.2010.09.016},
    issn = {00102180},
    keywords = {Alternative jet fuels, Fuel model, Fuel surrogate, NOx emissions, Reaction mechanism}
}

@inproceedings{Moreac2006AutomaticN-decane,
    title = {{Automatic generation of a detailed mechanism for the oxidation of n-decane}},
    year = {2006},
    booktitle = {Combustion Science and Technology},
    author = {Mor{\'{e}}ac, Gladys and Blurock, Edward S. and Mauss, Fabian},
    number = {10-11},
    month = {12},
    pages = {2025--2038},
    volume = {178},
    doi = {10.1080/00102200600793262},
    issn = {00102202},
    keywords = {<i>n</i>-decane, <i>n</i>-heptane, Combustion, Kinetics, Mechanism, Oxidation}
}

@article{Gong2014ExperimentalN-decane,
    title = {{Experimental and modeling study of thermal and catalytic cracking of n-decane}},
    year = {2014},
    journal = {Journal of Analytical and Applied Pyrolysis},
    author = {Gong, Chun Ming and Ning, Hong Bo and Xu, Jia Qi and Li, Ze Rong and Zhu, Quan and Li, Xiang Yuan},
    doi = {10.1016/j.jaap.2014.10.021},
    issn = {01652370},
    keywords = {Catalytic cracking, Gas yield, Numerical simulation, Product distribution, Thermal cracking}
}

@article{Malewicki2013ExperimentalN-dodecane,
    title = {{Experimental and modeling study on the pyrolysis and oxidation of n-decane and n-dodecane}},
    year = {2013},
    journal = {Proceedings of the Combustion Institute},
    author = {Malewicki, Tomasz and Brezinsky, Kenneth},
    doi = {10.1016/j.proci.2012.06.156},
    issn = {15407489},
    keywords = {N-decane, N-dodecane, Oxidation, Pyrolysis, Shock tube}
}

@article{Wang2017Molecular-levelTemperature,
    title = {{Molecular-level modeling investigation of n-decane pyrolysis at high temperature}},
    year = {2017},
    journal = {Journal of Analytical and Applied Pyrolysis},
    author = {Wang, Yu and Zhao, Yao and Liang, Ce and Chen, Yu and Zhang, Qiyi and Li, Xiang Yuan},
    month = {11},
    pages = {412--422},
    volume = {128},
    publisher = {Elsevier B.V.},
    doi = {10.1016/j.jaap.2017.08.009},
    issn = {01652370},
    keywords = {High conversion, High temperature, Molecular-level model, Thermal cracking, n-Decane}
}

@article{Seiser2011ExperimentalFlows,
    title = {{Experimental study of combustion of n-decane and JP-10 in non-premixed flows}},
    year = {2011},
    journal = {Proceedings of the Combustion Institute},
    author = {Seiser, R. and Niemann, U. and Seshadri, K.},
    number = {1},
    pages = {1045--1052},
    volume = {33},
    doi = {10.1016/j.proci.2010.06.078},
    issn = {15407489},
    keywords = {Decane, Experiments, Flame structure, JP-10, Non-premixed}
}


@article{ZENG20141701,
author = {Zeng, Meirong and Yuan, Wenhao and Wang, Yizun and Zhou, Weixing and Zhang, Lidong and Qi, Fei and Li, Yuyang},
doi = {https://doi.org/10.1016/j.combustflame.2014.01.002},
issn = {0010-2180},
journal = {Combustion and Flame},
keywords = { Kinetic model, Oxidation, Pyrolysis, SVUV-PIMS,-Decane},
number = {7},
pages = {1701--1715},
title = {{Experimental and kinetic modeling study of pyrolysis and oxidation of n-decane}},
url = {http://www.sciencedirect.com/science/article/pii/S0010218014000078},
volume = {161},
year = {2014}
}

@article{Battin-Leclerc2000ModelingK,
    title = {{Modeling of the gas-phase oxidation of n-decane from 550 to 1600 K}},
    year = {2000},
    journal = {Proceedings of the Combustion Institute},
    author = {Battin-Leclerc, F. and Fournet, R. and A. Glaude, P. and Judenherc, B. and Warth, V. and C{\^{o}}me, G. M. and Scacchi, G.},
    issn = {15407489}
}


@article{WESTBROOK2009181,
    title = {{A comprehensive detailed chemical kinetic reaction mechanism for combustion of n-alkane hydrocarbons from n-octane to n-hexadecane}},
    year = {2009},
    journal = {Combustion and Flame},
    author = {Westbrook, Charles K and Pitz, William J and Herbinet, Olivier and Curran, Henry J and Silke, Emma J},
    number = {1},
    pages = {181--199},
    volume = {156},
    url = {http://www.sciencedirect.com/science/article/pii/S0010218008002125},
    doi = {https://doi.org/10.1016/j.combustflame.2008.07.014},
    issn = {0010-2180},
    keywords = {Hydrocarbons, Ignition, Kinetic modeling}
}

@article{BIKAS20011456,
    title = {{Kinetic modelling of n-decane combustion and autoignition: Modeling combustion of n-decanem}},
    year = {2001},
    journal = {Combustion and Flame},
    author = {Bikas, G and Peters, N},
    number = {1},
    pages = {1456--1475},
    volume = {126},
    url = {http://www.sciencedirect.com/science/article/pii/S0010218001002541},
    doi = {https://doi.org/10.1016/S0010-2180(01)00254-1},
    issn = {0010-2180}
}


@article{CHANG20131315,
    title = {{Development of a new skeletal mechanism for n-decane oxidation under engine-relevant conditions based on a decoupling methodology}},
    year = {2013},
    journal = {Combustion and Flame},
    author = {Chang, Yachao and Jia, Ming and Liu, Yaodong and Li, Yaopeng and Xie, Maozhao},
    number = {8},
    pages = {1315--1332},
    volume = {160},
    url = {http://www.sciencedirect.com/science/article/pii/S0010218013000679},
    doi = {https://doi.org/10.1016/j.combustflame.2013.02.017},
    issn = {0010-2180},
    keywords = {Decoupling methodology, Internal combustion engine, Skeletal mechanism, n-Decane oxidation}
}

@article{RamirezL.2010KineticsStudies,
    title = {{Kinetics of oxidation of commercial and surrogate diesel fuels in a jet-stirred reactor: Experimental and modeling studies}},
    year = {2010},
    journal = {Energy and Fuels},
    author = {Ramirez L., H. P. and Hadj-Ali, K. and Di{\'{e}}vart, P. and Mor{\'{e}}ac, G. and Dagaut, P.},
    doi = {10.1021/ef9015526},
    issn = {08870624}
}


@article{Fieweger1997Self-ignitionPressure,
    title = {{Self-ignition of S.I. engine model fuels: A shock tube investigation at high pressure}},
    year = {1997},
    journal = {Combustion and Flame},
    author = {Fieweger, K. and Blumenthal, R. and Adomeit, G.},
    number = {4},
    pages = {599--619},
    volume = {109},
    doi = {10.1016/S0010-2180(97)00049-7},
    issn = {00102180}
}

@article{Boogaard2017ToxicologicalToxicology,
    title = {{Toxicological and ecotoxicological properties of gas-to-liquid (GTL) products. 1. Mammalian toxicology}},
    year = {2017},
    journal = {Critical Reviews in Toxicology},
    author = {Boogaard, Peter J and Carrillo, Juan-Carlos and Roberts, Linda G and Whale, Graham F},
    number = {2},
    month = {2},
    pages = {121--144},
    volume = {47},
    publisher = {Taylor {\&} Francis},
    url = {https://doi.org/10.1080/10408444.2016.1214676},
    doi = {10.1080/10408444.2016.1214676},
    issn = {1040-8444}
}

@misc{Whale2018ToxicologicalEcotoxicology,
    title = {{Toxicological and ecotoxicological properties of gas-to-liquid (GTL) products. 2. Ecotoxicology}},
    year = {2018},
    booktitle = {Critical Reviews in Toxicology},
    author = {Whale, Graham F. and Dawick, James and Hughes, Christopher B. and Lyon, Delina and Boogaard, Peter J.},
    number = {4},
    month = {4},
    pages = {273--296},
    volume = {48},
    publisher = {Taylor and Francis Ltd},
    doi = {10.1080/10408444.2017.1408567},
    issn = {15476898},
    keywords = {FischerâTropsch, Gas-to-liquid, aquatic toxicity, base oil, ecotoxicology, environmental hazard, fuel, sediment toxicity, soil toxicity, solvents}
}

@article{Wong2003TemperatureLimit,
    title = {{Temperature and molecular size dependence of the high-pressure limit}},
    year = {2003},
    journal = {Journal of Physical Chemistry A},
    author = {Wong, Bryan M. and Matheu, David M. and Green, William H.},
    doi = {10.1021/jp034165g},
    issn = {10895639}
}


@misc{cantera,
    author = "David G. Goodwin and Raymond L. Speth and Harry K. Moffat
              and Bryan W. Weber",
    title = "Cantera: An Object-oriented Software Toolkit for Chemical
             Kinetics, Thermodynamics, and Transport Processes",
    year = 2018,
    note = "Version 2.4.0",
    howpublished = "\url{https://www.cantera.org}",
    doi = {10.5281/zenodo.1174508}
}


@book{Benson:452788,
      author        = "Benson, Sidney W",
      title         = "{Thermochemical Kinetics: Methods for the Estimation of
                       Thermochemical Data and Rate Parameters}",
      publisher     = "Wiley",
      address       = "New York, NY",
      year          = "1968",
      url           = "https://cds.cern.ch/record/452788",
}

@article{hindmarsh2005sundials,
  title={{SUNDIALS}: Suite of nonlinear and differential/algebraic equation solvers},
  author={Hindmarsh, Alan C and Brown, Peter N and Grant, Keith E and Lee, Steven L and Serban, Radu and Shumaker, Dan E and Woodward, Carol S},
  journal={ACM Transactions on Mathematical Software (TOMS)},
  volume={31},
  number={3},
  pages={363--396},
  year={2005},
  publisher={ACM}
}

@book{molnar2019,
  title      = {Interpretable Machine Learning},
  author     = {Christoph Molnar},
  note       = {\url{https://christophm.github.io/interpretable-ml-book/}},
  year       = {2019},
  subtitle   = {A Guide for Making Black Box Models Explainable}
}

@Article{RePEc:eee:energy:v:43:y:2012:i:1:p:111-123,
  author={Kick, Th. and Herbst, J. and Kathrotia, T. and Marquetand, J. and Braun-Unkhoff, M. and Naumann, C. and Riedel, U.},
  title={{An experimental and modeling study of burning velocities of possible future synthetic jet fuels}},
  journal={Energy},
  year=2012,
  volume={43},
  number={1},
  pages={111-123},
  month={},
  keywords={Synthetic fuels; Laminar flame speed; Reaction modeling},
  doi={10.1016/j.energy.2012.01.},
  abstract={Recently, the development of viable alternative aviation fuels has attracted much interest, for several reasons, with reduction of greenhouse gas (GHG) emissions and ensuring security of supply at affordable prices among them. In the present work, several alternative aviation fuels - existing and potential - are investigated by focusing on their heat release: Gas-to-Liquid (GtL: representing a Fischer-Tropsch Synthetic Paraffinic Kerosene (FT-SPK)), a fully synthetic jet fuel (FSJF: Coal-to-Liquid (CtL)), and blends of GtL with 20\% 1-hexanol or 50\% naphthenic cut, respectively.},
  url={https://ideas.repec.org/a/eee/energy/v43y2012i1p111-123.html}
}